2775 4425
375 363 513 416 ORATIO
535 367 606 417 PRO
627 365 659 418 Τ.
678 365 795 418 anulo
816 367 966 419 MlLONB.
1159 365 1217 426 125

213 511 251 569 Et
273 521 349 583 sunt,
370 511 419 586 qui
441 511 477 569 de
497 511 543 569 via
565 511 660 589 Appii
681 523 848 588 querantur,
867 523 984 572 taceant
1004 513 1041 572 de
1062 511 1167 572 curidl

172 601 203 649 et
220 591 270 667 qui
296 591 332 648 ab
353 610 389 648 eo
409 590 535 666 spirante
558 591 650 650 sorum
671 603 772 669 putent
790 592 916 669 potuisse
935 593 1063 664 defendi,
1084 593 1167 670 cujus

172 689 231 728 non
261 669 398 727 restiterit
428 669 561 727 cadaveri
589 671 693 730 ourial
735 670 878 743 Excitate,
898 672 1024 730 excitate
1044 689 1121 742 eum,
1141 671 1166 729 si

173 747 302 825 potestiS,
319 749 355 804 ab
373 747 480 806 inferis.
523 748 677 826 Frangetis
698 749 836 826 impetum
857 749 923 820 riri,
937 751 1021 827 cujus
1041 750 1087 810 vix
1107 769 1168 808 sus·

173 827 273 885 tinctis
301 827 389 884 stirias
413 826 567 902 insepultil
596 829 651 887 nisi
672 826 740 886 rerd
761 828 937 886 sustinuistis
956 847 1015 899 eos,
1029 829 1078 904 qui
1099 847 1166 886 cum
1197 841 1217 894 5

175 907 289 964 facibus
310 906 346 962 ad
374 905 485 963 curiam
515 917 717 978 cucurrerunt,
737 925 805 966 cum
827 907 950 965 falcibus
971 910 1006 965 ad
1028 907 1167 978 Castoris,

175 1004 242 1042 oum
263 983 368 1061 gladiis
395 995 454 1042 toto
480 984 540 1042 l'oro
566 986 729 1044 volitarunt
782 986 866 1044 Caedi
895 987 1006 1044 vidistis
1033 987 1167 1064 populum

174 1063 354 1134 Romanum,
369 1064 538 1122 concionem
562 1064 668 1141 gladiis
691 1064 858 1136 disturbari,
872 1063 940 1123 clun
963 1066 1112 1124 audiretur
1131 1066 1168 1122 si·

175 1143 264 1200 lentio
286 1141 328 1199 M.
344 1142 464 1214 Coelius,
488 1143 620 1200 tribunus
642 1143 744 1220 plebis,
764 1144 808 1202 vir
827 1156 857 1202 et
880 1145 910 1202 in
931 1163 963 1202 re
983 1146 1099 1222 publici
1115 1145 1169 1203 lor·

174 1223 313 1292 tissimus,
328 1221 399 1278 etin
415 1222 548 1298 susceptd
562 1223 651 1280 causti
670 1222 859 1294 firmissimus,
874 1235 903 1282 et
917 1225 1055 1282 bonorum
1071 1226 1168 1284 volun·
1183 1239 1217 1294 ιο

174 1301 227 1357 tati
241 1310 270 1357 et
285 1299 448 1358 auctoritati
462 1301 579 1358 senatds
593 1302 718 1372 deditus,
732 1311 772 1371 et,
786 1302 816 1359 in
838 1303 893 1360 hac
914 1302 1032 1360 Milonis
1045 1304 1106 1362 sire
1126 1304 1168 1361 in·

175 1379 252 1436 ridii
267 1379 327 1436 sive
339 1379 451 1436 fortuni
466 1380 614 1456 singulari,
629 1381 728 1438 divinia
742 1391 771 1438 et
785 1380 949 1438 incredibili
963 1382 1028 1438 tide.

215 1457 363 1516 XXXIV.
405 1459 464 1516 Sed
484 1459 543 1534 jam
565 1460 635 1516 satis
660 1460 751 1516 multa
766 1460 804 1516 de
817 1459 926 1517 causi:
947 1471 1029 1517 extra
1048 1479 1167 1517 causam

175 1537 263 1594 etiam
278 1537 365 1594 nimis
379 1537 497 1604 fortasse
512 1538 609 1595 multa.
650 1537 735 1600 Quid
749 1548 848 1607 restat,
862 1537 918 1594 nisi
938 1548 971 1594 ut
983 1558 1062 1596 orem
1075 1539 1169 1596 obtes-

174 1626 275 1691 terque
289 1635 347 1686 ros,
360 1615 484 1692 judices,
499 1627 530 1674 ut
544 1635 609 1674 eam
623 1616 851 1674 misericordiam
865 1617 999 1674 tribuatis
1013 1617 1168 1676 fortissimo
1184 1631 1217 1684 15

174 1695 245 1766 viro,
260 1713 347 1770 quam
362 1695 422 1770 ipse
436 1715 493 1753 non
509 1695 655 1772 implorat;
678 1715 742 1772 ego,
757 1696 845 1753 etiam
866 1706 1045 1772 repugnante
1059 1697 1124 1768 hoc,
1139 1707 1168 1754 et

175 1774 304 1850 imploro,
332 1783 362 1831 et
388 1776 532 1850 exposcol
572 1773 681 1845 Nolite,
704 1775 739 1845 si,
763 1775 793 1832 in
820 1785 917 1834 nostro
936 1776 1066 1834 omnium
1086 1776 1166 1848 lietu,

174 1853 284 1910 nullam
317 1853 476 1928 lacrymam
505 1853 673 1930 adspexistis
702 1853 839 1924 Milonis3
867 1855 891 1912 si
918 1855 1028 1912 vultum
1055 1875 1167 1932 semper

174 1933 310 2002 eundem,
326 1931 350 1989 si
375 1951 485 2004 rocem,
504 1932 528 1990 si
549 1933 718 2004 orationem,
742 1933 875 1990 stabilem
898 1953 934 1992 ac
956 1955 1012 1992 non
1027 1945 1166 1992 mutatam

174 2011 288 2082 ridetis,
303 2012 358 2068 hoc
379 2009 476 2069 minius
503 2010 531 2069 ei
552 2030 690 2087 parcere:
712 2022 798 2086 atque
820 2013 897 2070 baud
919 2014 989 2085 scio,
1014 2033 1052 2071 an
1075 2013 1166 2071 multd
1180 2023 1217 2077 20

175 2091 263 2147 etiarn
290 2090 327 2147 sit
355 2090 533 2166 adjuvandus
559 2089 659 2167 magis.
710 2090 837 2161 Etenim,
864 2091 899 2162 si,
927 2092 956 2149 in
990 2092 1168 2169 gladiatoriis

174 2170 289 2247 pugnis,
304 2179 333 2228 et
348 2170 377 2227 in
402 2169 492 2229 infimi
515 2171 630 2247 generis
653 2170 803 2229 hominum
823 2169 987 2228 conditione
1009 2181 1094 2245 atque
1115 2171 1168 2229 lor·

174 2250 256 2320 tuni,
279 2250 394 2307 timidos
417 2260 446 2307 et
469 2250 622 2326 supplices,
636 2260 676 2320 et,
690 2259 723 2306 ut
744 2249 839 2306 virere
859 2248 956 2320 liceat,
969 2250 1167 2319 obsecrantes,

99 2324 110 2347 ¹
175 2329 263 2385 etiam
277 2329 372 2387 odisse
385 2329 525 2399 solemus,
547 2328 643 2400 sortes,
658 2339 686 2386 et
702 2328 854 2399 animosos,
873 2338 947 2385 etse
968 2328 1073 2386 acriter
1094 2328 1169 2405 ipsos

175 2408 259 2465 morti
286 2408 448 2478 offerentes,
475 2427 589 2466 servare
617 2408 768 2484 cupimus;
805 2426 962 2484 eorumque
996 2428 1049 2467 nos
1075 2408 1168 2485 magis
1181 2416 1217 2469 25

176 2487 302 2557 miseret,
317 2488 365 2562 qui
380 2497 506 2545 nostram
520 2487 748 2545 misericordiam
762 2506 820 2544 non
836 2487 995 2561 requirunt,
1010 2485 1096 2563 qudm
1118 2488 1167 2563 qui

176 2566 254 2624 illam
283 2566 459 2644 efflagitant;
490 2567 673 2643 quanto-hoc
698 2566 791 2643 magis
814 2566 845 2625 in
867 2566 1029 2627 fortissimis
1055 2567 1168 2626 civibus

177 2645 273 2703 lacere
288 2646 445 2703 debemus!

216 2724 268 2782 Me
291 2726 417 2801 quidem,
437 2725 560 2801 judices,
583 2725 750 2783 exanimant
772 2736 801 2785 et
825 2725 994 2786 interimunt
1016 2728 1061 2785 lue
1081 2748 1168 2787 voces

176 2802 304 2876 Milonis,
333 2823 403 2879 quas
431 2804 517 2862 audio
545 2804 669 2877 assidue,
697 2815 727 2863 et
746 2806 851 2881 quibus
871 2805 1010 2865 intersum
1029 2808 1166 2881 quotidie.
1180 2818 1216 2871 30

176 2889 195 2916 ‘⁸
207 2884 342 2953 Valeant,
356 2883 500 2954 valeant,”
516 2882 617 2959 iuquit,
633 2891 651 2917 ‘¹
663 2883 743 2942 cives
763 2885 839 2954 mei;
860 2885 991 2942 valeant:
1012 2885 1070 2941 sint
1090 2885 1169 2942 inco·

177 2960 277 3033 lurnes,
293 2962 350 3019 sint
364 2962 507 3033 florentes,
521 2963 579 3020 sint
593 2963 687 3021 beati:
709 2972 765 3020 stet
788 2963 851 3019 haec
864 2963 933 3019 urbs
953 2962 1101 3037 preclara,
1116 2964 1169 3019 mi·

177 3042 263 3116 hique
290 3042 383 3117 patria
403 3042 561 3112 carissima,
589 3060 704 3117 quoquo
732 3040 818 3097 modo
846 3040 950 3097 merita
979 3041 1016 3096 de
1037 3058 1083 3096 me
1103 3040 1166 3098 erit

177 3120 349 3195 Tranquillis
363 3120 511 3197 republiod
526 3122 604 3179 cives
618 3121 675 3177 mei
691 3118 841 3195 (quoniam
865 3118 935 3175 mibi
950 3137 1017 3177 cum
1032 3117 1088 3175 illis
1109 3138 1166 3175 non

176 3200 258 3278 licet)
281 3200 343 3257 sine
364 3220 410 3257 me
435 3200 498 3276 ipsi,
521 3201 570 3257 sed
597 3219 647 3276 per
675 3218 722 3256 me
743 3209 852 3268 tamen,
881 3197 1082 3273 perfruantur:
1114 3209 1216 3273 ego35

176 3280 289 3349 cedam,
305 3289 390 3353 atque
405 3280 497 3337 abibo.
540 3280 573 3336 Si
587 3279 658 3335 mihi
680 3277 829 3353 republicis
843 3278 917 3335 boui
937 3276 993 3334 frui
1007 3296 1065 3334 non
1079 3276 1169 3333 licue-

175 3358 221 3429 rit,
237 3368 265 3416 at
281 3359 386 3416 carebo
407 3359 499 3415 mali:
521 3368 560 3430 et,
582 3376 668 3432 quam
693 3357 815 3433 primam
837 3358 959 3435 tetigero
982 3357 1057 3413 bene
1077 3374 1168 3412 mora·

175 3446 234 3494 tam
255 3448 284 3494 et
305 3438 425 3495 liberam
446 3438 603 3506 civitatem,
626 3436 654 3494 in
675 3438 711 3494 ea
732 3436 944 3511 conquiescam.
986 3436 1015 3493 Ο
1036 3434 1140 3492 frustra
1149 3436 1166 3461 '³

177 3514 297 3595 (inquit)
324 3518 478 3594 “suscepti
504 3518 559 3574 mei
574 3516 702 3573 labores!
732 3535 834 3591 ospes
856 3516 989 3574 fallaces!
1011 3535 1030 3573 o
1060 3513 1168 3589 cogita·

175 3596 267 3653 tiones
289 3597 391 3654 inanes
414 3597 505 3654 meael
549 3596 621 3671 Ego,
647 3592 726 3666 cium,
751 3595 884 3652 tribunus
902 3595 1004 3672 plebis,
1019 3592 1167 3671 republica
1180 3590 1216 3643 40

173 3675 319 3751 oppressi,
334 3694 381 3733 me
395 3674 508 3733 senatui
529 3675 682 3745 dedissem,
698 3693 782 3749 quem
794 3674 968 3731 exstinctum
980 3691 1166 3747 acceperam3

174 3754 320 3828 equitibus
336 3754 487 3825 Romanis,
503 3772 621 3827 quorum
636 3752 711 3811 vires
733 3763 815 3811 erant
837 3753 964 3821 debiles;
986 3750 1069 3809 bonis
1089 3750 1166 3823 viris,

133 3890 135 3895 ,
174 3834 222 3909 qui
242 3852 359 3891 omnem
385 3833 584 3891 auctoritatem
608 3832 758 3889 Clodianis
781 3832 869 3888 armis
893 3830 1073 3907 abjecerant3
1096 3831 1166 3890 milri

175 3931 305 3989 unquam
317 3913 456 4049 bonorulrp
464 3911 634 4025 presidium
649 3911 815 3969 defuturum
835 3912 989 3987 putareml
1011 3910 1083 3988 Ego,
1098 3908 1166 3969 ciam
