2775 4425
411 375 547 426 ORATIO
569 375 606 426 IN
629 375 667 426 M.
689 376 893 428 sumntum.
1142 380 1199 439 133

150 530 248 597 togato
277 529 345 578 ante
372 539 418 578 me
446 520 563 579 nemini.
605 520 638 578 L.
667 521 776 592 Cesar,
804 519 965 578 avunculus
990 530 1067 590 tuus,
1088 520 1146 595 qud

149 601 291 670 oratione,
313 600 370 675 quai
392 601 563 672 constantia,
585 601 641 676 quai
668 601 809 677 gravitate
829 600 1002 658 sententiam
1022 601 1094 657 dixit
1115 601 1145 658 in

150 680 256 737 sororis
276 698 335 736 sura
351 679 453 750 virum,
468 680 601 737 vitricum
616 681 716 736 tuuml
753 680 843 738 Hunc
862 690 894 736 tu
914 678 983 737 cirm
998 691 1146 736 auctorem

152 769 182 816 et
205 769 411 834 praeceptorem
439 758 568 816 omniurn
597 759 792 829 consiliorum,
821 759 963 834 totiusque
994 759 1068 830 vitre,
1098 758 1147 818 de·

152 837 265 894 buisses
286 837 403 908 habere,
418 837 512 895 vitrici
532 847 561 896 te
582 839 715 908 similem,
734 836 822 913 quam
842 837 989 908 avunculi,
1003 857 1067 896 esse
1087 857 1146 896 ma·
1180 836 1199 889 5

151 915 240 974 luisti.
284 915 380 990 Hujus
407 936 461 993 ego
489 917 601 974 alienus
628 917 757 974 consiliis
783 917 883 976 consul
911 935 981 974 usus
999 935 1082 975 sum:
1103 927 1146 988 tu,

152 995 257 1052 sororis
272 995 358 1066 filius,
373 995 479 1070 ecquid
494 996 530 1052 ad
544 1015 611 1053 eum
626 1015 753 1070 unquam
766 997 804 1054 de
817 1015 849 1054 re
866 995 983 1072 publici
1000 996 1146 1054 retulistil

152 1074 194 1130 At
215 1073 252 1130 ad
274 1092 344 1148 quos
372 1074 479 1132 refertl
514 1074 564 1132 Dii
588 1075 779 1133 immortales!
802 1076 839 1134 ad
859 1094 909 1134 eos
934 1075 1058 1148 scilicet,
1079 1094 1147 1151 quo·

152 1172 216 1209 rum
231 1153 316 1210 nobis
329 1153 417 1210 etiam
431 1154 493 1211 dies
507 1153 618 1211 natales
633 1154 769 1212 audiendi
783 1165 858 1213 sunt

169 1231 291 1289 *Hodie
320 1251 377 1290 non
406 1233 557 1292 descendit
577 1234 731 1291 Antonius.
766 1234 850 1293 Curl
884 1233 944 1292 Dat
963 1233 1096 1292 natalitia
1116 1233 1145 1292 in
1167 1235 1199 1288 10

151 1312 251 1370 hortis
294 1311 374 1369 cuit
408 1311 565 1370 Neminem
586 1313 757 1371 nominabo:
778 1323 876 1390 putate
896 1324 957 1370 tum
979 1313 1146 1371 Phormioni

152 1390 253 1460 alicui,
274 1400 335 1446 tum
356 1391 513 1462 Gnathoni,
535 1401 596 1449 tum
617 1391 750 1450 Ballioni.
790 1392 819 1450 Ο
841 1393 999 1450 foeditutem
1023 1392 1147 1450 bominis

151 1470 342 1547 flagitiosam!
364 1489 382 1528 o
395 1469 612 1546 impudentiam,
627 1471 795 1546 nequitiam,
809 1471 970 1540 libidinem,
985 1491 1041 1528 non
1057 1471 1149 1528 feren·

152 1549 240 1606 dam!
276 1547 336 1619 Tu,
361 1547 429 1606 cirm
455 1550 614 1626 principem
642 1561 813 1621 senatorem,
841 1550 934 1608 civem
960 1549 1147 1626 singularem,

151 1639 213 1685 tam
226 1628 413 1704 propinquum
436 1629 553 1700 habeas,
569 1628 605 1686 ad
626 1648 691 1686 eum
713 1630 751 1687 de
769 1649 800 1686 re
820 1628 938 1705 publici
952 1628 1023 1686 nibil
1038 1629 1146 1698 refers;
1166 1629 1200 1683 15

152 1708 192 1764 ad
215 1727 264 1764 eos
285 1707 383 1777 refers,
405 1708 454 1782 qui
475 1708 592 1765 domum
612 1727 694 1765 suam
718 1709 828 1766 nullam
855 1709 972 1778 habent,
997 1718 1077 1766 tuam
1100 1727 1148 1766 ex-

152 1787 311 1844 hauriuntl
346 1786 430 1844 Tuus
457 1787 592 1846 videlicet
612 1788 747 1868 salutaris
770 1788 946 1859 consulatus,
966 1787 1148 1864 perniciosus

152 1867 252 1923 meus!
1048 1913 1060 1924 ,

193 1945 263 2002 Vll.
285 1944 407 2002 Adeone
426 1947 564 2022 pudorem
585 1963 652 2004 curn
671 1947 813 2023 pudicitia
826 1947 986 2023 perdidisti,
1001 1958 1033 2004 ut
1045 1948 1102 2005 hoc
1116 1946 1146 2005 in

151 2043 189 2081 eo
209 2023 315 2100 templo
335 2024 433 2082 dicere
454 2044 541 2082 ausus
560 2025 610 2095 sis,
632 2025 661 2083 in
681 2045 739 2101 quo
758 2047 813 2102 ego
831 2036 964 2083 senatum
985 2027 1077 2096 illum,
1096 2027 1146 2101 qui
1162 2033 1200 2087 20

150 2103 298 2178 quondam
319 2103 423 2161 florens
443 2105 505 2162 orbi
525 2114 666 2162 terrarum
686 2106 868 2181 presidebat,
889 2105 1094 2173 consulebam
1115 2115 1147 2160 tu

152 2183 286 2241 homines
315 2183 521 2260 perditissimos
551 2202 619 2242 cum
648 2184 754 2261 gladiis
780 2183 950 2243 collocastil
991 2183 1034 2240 At
1059 2183 1147 2241 etiam

151 2282 241 2320 ausus
264 2282 296 2319 es
319 2262 402 2339 (quid
427 2274 522 2321 autem
550 2273 603 2334 est,
625 2264 702 2339 quod
729 2273 761 2319 tu
788 2282 846 2320 non
870 2262 1016 2340 audeasl)
1040 2262 1148 2319 clivum
1205 2278 1210 2289 “

151 2342 352 2417 Capitolinum
366 2343 474 2413 dicere,
486 2362 532 2401 me
547 2343 675 2413 consule,
687 2342 805 2419 plenum
818 2360 963 2399 serrorum
974 2351 1147 2398 armatorum

150 2422 250 2479 fuisse.
293 2420 333 2479 Ut
353 2422 402 2479 illa
418 2422 532 2502 (credo)
550 2422 662 2480 nefaria
682 2421 944 2480 senatus-consulta
963 2420 1075 2490 fierent,
1090 2420 1148 2477 rim
1164 2423 1200 2476 25

151 2501 310 2557 afferebam
324 2502 446 2559 senatui.
487 2501 515 2559 0
531 2502 678 2573 miserum,
693 2502 753 2561 sive
774 2501 824 2559 illa
843 2501 896 2558 tibi
916 2513 986 2559 nota
998 2520 1056 2559 non
1070 2511 1146 2571 sunt,

152 2580 241 2655 (nihil
263 2580 341 2637 enim
362 2580 429 2638 boni
451 2579 541 2658 nosti)
557 2581 616 2637 sive
637 2592 714 2653 sunt,
732 2582 782 2657 qui
803 2581 879 2658 apud
899 2582 972 2639 tales
992 2582 1067 2638 viros
1086 2591 1147 2637 tarn

150 2659 335 2734 impudenter
368 2658 503 2735 loquare!
545 2660 623 2721 Quis
657 2662 735 2718 enim
768 2681 857 2737 eques
890 2660 1051 2732 Romanus,
1082 2661 1148 2736 quis

151 2738 271 2814 (praeter
285 2740 328 2813 te)
345 2738 513 2796 adolescens
533 2739 647 2810 nobilis,
661 2741 726 2816 quis
745 2742 832 2799 ullius
851 2740 971 2812 ordinis,
985 2740 1035 2816 qui
1055 2761 1087 2798 se
1107 2741 1147 2798 ci-

149 2836 217 2873 vem
238 2818 426 2887 meminisset,
442 2814 509 2875 crim
531 2829 648 2876 senatus
668 2821 698 2877 in
721 2821 775 2878 hoc
795 2818 901 2895 templo
920 2830 1006 2889 esset,
1021 2820 1050 2877 in
1071 2820 1147 2877 clivo
1163 2828 1200 2881 30

150 2897 318 2971 Capitolino
339 2917 395 2955 non
410 2896 491 2954 'fuitl
511 2898 575 2973 quis
590 2917 693 2957 nomen
715 2918 773 2956 non
791 2899 893 2955 deditl
913 2916 1078 2972 quanquam
1092 2916 1148 2954 nec

150 2976 256 3032 scribas
278 2976 421 3047 sufficere,
440 2996 496 3034 nec
516 2978 621 3033 tabulae
642 2978 760 3035 nomina
781 2977 893 3033 illorum
917 2994 1031 3050 capere,
1050 2985 1149 3051 potue-

150 3064 228 3112 runt.
271 3054 399 3125 Etenim,
424 3054 491 3113 edm
517 3056 648 3115 homines
675 3055 779 3112 nefarii
807 3055 844 3110 de
866 3052 967 3129 patriae
993 3053 1148 3129 parricidio

151 3132 359 3191 confiterentur
381 3135 576 3209 (consciorum
598 3134 724 3204 indiciis,
744 3133 796 3189 suri
817 3150 915 3202 manu,
930 3150 1000 3189 voce
1020 3130 1095 3208 pene
1116 3132 1149 3188 li-

150 3224 280 3271 terarum
296 3214 416 3291 coacti),
430 3232 462 3271 se
482 3213 591 3271 Urbem
613 3212 803 3282 inflammare,
818 3211 896 3269 cives
916 3211 1072 3282 trucidare,
1087 3230 1149 3267 ras-
1164 3213 1201 3267 35

150 3303 215 3349 tare
243 3292 370 3363 Italiam,
392 3293 488 3351 delere
513 3292 733 3369 rempublicam,
754 3291 953 3360 consensisse3
974 3291 1039 3366 quis
1062 3300 1148 3360 esset,

151 3372 202 3445 qui
225 3371 404 3429 adsalutem
426 3391 609 3430 communem
637 3372 849 3430 defendendam
876 3392 934 3429 non
953 3370 1148 3428 excitareturl

150 3450 311 3527 presertim
326 3449 393 3508 cirrn
408 3462 525 3510 senatus
539 3451 716 3528 populusque
734 3450 886 3509 Romanus
900 3451 1019 3508 haberet
1033 3450 1148 3520 ducem,

150 3530 246 3605 qualis
261 3530 285 3587 si
300 3529 349 3605 qui
364 3549 443 3588 nunc
457 3542 543 3603 esset,
558 3531 611 3588 tibi
626 3531 713 3600 idem,
722 3532 797 3605 quod
812 3530 869 3588 illis
884 3530 1001 3599 accidit,
1016 3528 1150 3605 contigis-

151 3620 204 3666 set.
248 3609 296 3666 Ad
318 3610 493 3685 sepulturam
521 3630 624 3686 corpus
645 3610 739 3666 vitrici
761 3611 805 3667 sui
827 3619 915 3685 negat
935 3626 953 3664 a
972 3627 1019 3665 me
1039 3608 1148 3665 datum.
1166 3617 1202 3671 4ο

151 3689 221 3746 Hoc
236 3688 303 3746 verb
326 3709 363 3746 ne
386 3690 418 3747 P.
433 3690 550 3765 quidem
571 3688 692 3747 Clodius
715 3688 787 3745 dixit
807 3706 933 3763 unquam
944 3707 960 3762 ².
971 3706 1067 3762 quern,
1082 3688 1151 3763 quia

148 3769 215 3844 jure
236 3768 264 3825 ei
284 3768 325 3826 fui
345 3768 491 3840 inimicus,
507 3768 589 3827 doleo
604 3787 620 3825 a
634 3778 662 3825 te
675 3767 735 3842 jam
748 3767 881 3824 omnibus
895 3766 972 3823 vitiis
985 3786 1048 3823 esse
1068 3786 1150 3843 supe·

152 3858 257 3905 ratum.
299 3846 363 3908 Qut
386 3859 481 3905 autem
497 3848 549 3905 tibi
563 3847 642 3904 venit
660 3847 689 3902 in
705 3858 841 3916 mentem,
856 3846 987 3922 redigere
1001 3846 1031 3903 in
1045 3865 1151 3905 memo·

152 3926 227 3985 riam
242 3937 379 3998 nostram,
394 3937 423 3985 te
438 3928 516 3986 domi
537 3928 568 3985 P.
583 3925 702 3983 Lentuli
720 3944 783 3983 esse
797 3926 975 3983 educatuml
1009 3927 1058 3984 An
1072 3945 1151 3985 vere·

399 4008 435 4065 12
