<?xml version="1.0" encoding="UTF-8"?>
<!DOCTYPE html PUBLIC "-//W3C//DTD XHTML 1.0 Transitional//EN"
    "http://www.w3.org/TR/xhtml1/DTD/xhtml1-transitional.dtd">
<html xmlns="http://www.w3.org/1999/xhtml" xml:lang="en" lang="en">
 <head>
  <title>
</title>
<meta http-equiv="Content-Type" content="text/html;charset=utf-8" />
  <meta name='ocr-system' content='tesseract 3.04.00' />
  <meta name='ocr-capabilities' content='ocr_page ocr_carea ocr_par ocr_line ocrx_word'/>
</head>
<body>
  <div class='ocr_page' id='page_1' title='image "./mtciceronisorat00folsgoog/mtciceronisorat00folsgoog_0050.png"; bbox 0 0 2775 4425; ppageno 0'>
   <div class='ocr_carea' id='block_1_1' title="bbox 179 347 970 413">
    <p class='ocr_par' dir='ltr' id='par_1_1' title="bbox 179 347 970 413">
     <span class='ocr_line' id='line_1_1' title="bbox 179 347 970 413; baseline -0.005 -14"><span class='ocrx_word' id='word_1_1' title='bbox 179 356 218 413; x_wconf 79' lang='grc'>44</span> <span class='ocrx_word' id='word_1_2' title='bbox 432 348 568 398; x_wconf 80' lang='lat' dir='ltr'><strong>ORATIO</strong></span> <span class='ocrx_word' id='word_1_3' title='bbox 591 348 660 397; x_wconf 87' lang='lat' dir='ltr'>PRO</span> <span class='ocrx_word' id='word_1_4' title='bbox 681 348 780 397; x_wconf 81' lang='lat' dir='ltr'><strong>LEGE</strong></span> <span class='ocrx_word' id='word_1_5' title='bbox 801 347 970 397; x_wconf 63' lang='lat' dir='ltr'>Moratum.</span> 
     </span>
    </p>
   </div>
   <div class='ocr_carea' id='block_1_2' title="bbox 178 489 1222 3948">
    <p class='ocr_par' dir='ltr' id='par_1_2' title="bbox 229 489 1222 724">
     <span class='ocr_line' id='line_1_2' title="bbox 230 489 1222 567; baseline -0.004 -16"><span class='ocrx_word' id='word_1_6' title='bbox 230 492 350 551; x_wconf 83' lang='lat' dir='ltr'>virtute:</span> <span class='ocrx_word' id='word_1_7' title='bbox 378 491 464 567; x_wconf 87' lang='lat' dir='ltr'>hujus</span> <span class='ocrx_word' id='word_1_8' title='bbox 484 501 581 548; x_wconf 86' lang='lat' dir='ltr'>autem</span> <span class='ocrx_word' id='word_1_9' title='bbox 600 490 737 549; x_wconf 86' lang='lat' dir='ltr'>orationis</span> <span class='ocrx_word' id='word_1_10' title='bbox 757 490 904 548; x_wconf 80' lang='lat' dir='ltr'>difficilius</span> <span class='ocrx_word' id='word_1_11' title='bbox 930 500 974 547; x_wconf 92' lang='lat' dir='ltr'>est</span> <span class='ocrx_word' id='word_1_12' title='bbox 1000 489 1109 547; x_wconf 82' lang='lat' dir='ltr'>exitum</span> <span class='ocrx_word' id='word_1_13' title='bbox 1129 508 1222 565; x_wconf 89' lang='lat' dir='ltr'>quam</span> 
     </span>
     <span class='ocr_line' id='line_1_3' title="bbox 229 568 1222 647; baseline -0.001 -20"><span class='ocrx_word' id='word_1_14' title='bbox 229 570 401 647; x_wconf 88' lang='lat' dir='ltr'>principium</span> <span class='ocrx_word' id='word_1_15' title='bbox 422 570 567 627; x_wconf 85' lang='lat' dir='ltr'>invenire:</span> <span class='ocrx_word' id='word_1_16' title='bbox 588 570 629 627; x_wconf 90' lang='lat' dir='ltr'>ita</span> <span class='ocrx_word' id='word_1_17' title='bbox 648 570 721 627; x_wconf 89' lang='lat' dir='ltr'>mihi</span> <span class='ocrx_word' id='word_1_18' title='bbox 740 581 877 627; x_wconf 90' lang='lat' dir='ltr'>nontam</span> <span class='ocrx_word' id='word_1_19' title='bbox 897 569 990 645; x_wconf 88' lang='lat' dir='ltr'>copia,</span> <span class='ocrx_word' id='word_1_20' title='bbox 1009 568 1096 644; x_wconf 73' lang='lat' dir='ltr'>quam</span> <span class='ocrx_word' id='word_1_21' title='bbox 1115 570 1222 627; x_wconf 89' lang='lat' dir='ltr'>modus</span> 
     </span>
     <span class='ocr_line' id='line_1_4' title="bbox 231 649 647 724; baseline 0 -18"><span class='ocrx_word' id='word_1_22' title='bbox 231 650 261 707; x_wconf 93' lang='lat' dir='ltr'>in</span> <span class='ocrx_word' id='word_1_23' title='bbox 276 649 399 705; x_wconf 91' lang='lat' dir='ltr'>dicendo</span> <span class='ocrx_word' id='word_1_24' title='bbox 411 650 582 724; x_wconf 87' lang='lat' dir='ltr'>quaerendus</span> <span class='ocrx_word' id='word_1_25' title='bbox 596 658 647 706; x_wconf 87' lang='lat' dir='ltr'>est.</span> 
     </span>
    </p>

    <p class='ocr_par' dir='ltr' id='par_1_3' title="bbox 269 725 1220 802">
     <span class='ocr_line' id='line_1_5' title="bbox 269 725 1220 802; baseline 0 -18"><span class='ocrx_word' id='word_1_26' title='bbox 269 726 311 784; x_wconf 91' lang='lat' dir='ltr'>II.</span> <span class='ocrx_word' id='word_1_27' title='bbox 353 728 460 802; x_wconf 87' lang='lat' dir='ltr'>Atque,</span> <span class='ocrx_word' id='word_1_28' title='bbox 481 738 513 784; x_wconf 91' lang='lat' dir='ltr'>ut</span> <span class='ocrx_word' id='word_1_29' title='bbox 533 727 600 785; x_wconf 91' lang='lat' dir='ltr'>inde</span> <span class='ocrx_word' id='word_1_30' title='bbox 619 726 711 785; x_wconf 90' lang='lat' dir='ltr'>oratio</span> <span class='ocrx_word' id='word_1_31' title='bbox 737 745 803 783; x_wconf 91' lang='lat' dir='ltr'>mea</span> <span class='ocrx_word' id='word_1_32' title='bbox 827 725 1035 802; x_wconf 85' lang='lat' dir='ltr'>proficiscatur,</span> <span class='ocrx_word' id='word_1_33' title='bbox 1056 726 1134 783; x_wconf 89' lang='lat' dir='ltr'>unde</span> <span class='ocrx_word' id='word_1_34' title='bbox 1154 728 1220 784; x_wconf 84' lang='lat' dir='ltr'>haeo</span> 
     </span>
    </p>

    <p class='ocr_par' dir='ltr' id='par_1_4' title="bbox 195 804 1222 1194">
     <span class='ocr_line' id='line_1_6' title="bbox 195 804 1222 881; baseline 0.003 -21"><span class='ocrx_word' id='word_1_35' title='bbox 195 806 323 865; x_wconf 76' lang='lat' dir='ltr'>somnis</span> <span class='ocrx_word' id='word_1_36' title='bbox 344 824 432 863; x_wconf 90' lang='lat' dir='ltr'>causa</span> <span class='ocrx_word' id='word_1_37' title='bbox 452 806 583 876; x_wconf 90' lang='lat' dir='ltr'>ducitur;</span> <span class='ocrx_word' id='word_1_38' title='bbox 612 806 721 863; x_wconf 91' lang='lat' dir='ltr'>bellum</span> <span class='ocrx_word' id='word_1_39' title='bbox 740 824 827 881; x_wconf 84' lang='lat' dir='ltr'>grave</span> <span class='ocrx_word' id='word_1_40' title='bbox 853 815 882 862; x_wconf 91' lang='lat' dir='ltr'>et</span> <span class='ocrx_word' id='word_1_41' title='bbox 904 804 1096 880; x_wconf 89' lang='lat' dir='ltr'>periculosum</span> <span class='ocrx_word' id='word_1_42' title='bbox 1116 806 1222 863; x_wconf 83' lang='lat' dir='ltr'>restris</span> 
     </span>
     <span class='ocr_line' id='line_1_7' title="bbox 230 882 1221 961; baseline 0 -20"><span class='ocrx_word' id='word_1_43' title='bbox 230 885 419 961; x_wconf 84' lang='lat' dir='ltr'>vectigalibus</span> <span class='ocrx_word' id='word_1_44' title='bbox 440 896 524 959; x_wconf 91' lang='lat' dir='ltr'>atque</span> <span class='ocrx_word' id='word_1_45' title='bbox 545 885 631 942; x_wconf 88' lang='lat' dir='ltr'>sociis</span> <span class='ocrx_word' id='word_1_46' title='bbox 652 903 668 941; x_wconf 90' lang='lat' dir='ltr'>a</span> <span class='ocrx_word' id='word_1_47' title='bbox 689 885 800 941; x_wconf 90' lang='lat' dir='ltr'>duobus</span> <span class='ocrx_word' id='word_1_48' title='bbox 819 883 1024 959; x_wconf 89' lang='lat' dir='ltr'>potentissimis</span> <span class='ocrx_word' id='word_1_49' title='bbox 1044 882 1160 958; x_wconf 88' lang='lat' dir='ltr'>regibus</span> <span class='ocrx_word' id='word_1_50' title='bbox 1174 884 1221 941; x_wconf 92' lang='lat' dir='ltr'>in-</span> 
     </span>
     <span class='ocr_line' id='line_1_8' title="bbox 231 962 1220 1039; baseline -0.001 -19"><span class='ocrx_word' id='word_1_51' title='bbox 231 964 329 1033; x_wconf 82' lang='lat' dir='ltr'>sertur,</span> <span class='ocrx_word' id='word_1_52' title='bbox 352 962 520 1020; x_wconf 81' lang='lat' dir='ltr'>Mithridate</span> <span class='ocrx_word' id='word_1_53' title='bbox 541 973 570 1020; x_wconf 94' lang='lat' dir='ltr'>et</span> <span class='ocrx_word' id='word_1_54' title='bbox 590 962 739 1039; x_wconf 80' lang='lat' dir='ltr'>Tigranc3</span> <span class='ocrx_word' id='word_1_55' title='bbox 763 980 883 1037; x_wconf 89' lang='lat' dir='ltr'>quorum</span> <span class='ocrx_word' id='word_1_56' title='bbox 905 962 976 1019; x_wconf 86' lang='lat' dir='ltr'>aiter</span> <span class='ocrx_word' id='word_1_57' title='bbox 996 962 1124 1031; x_wconf 91' lang='lat' dir='ltr'>relictus,</span> <span class='ocrx_word' id='word_1_58' title='bbox 1146 962 1220 1019; x_wconf 88' lang='lat' dir='ltr'>alter</span> 
     </span>
     <span class='ocr_line' id='line_1_9' title="bbox 230 1040 1220 1116; baseline -0.001 -18"><span class='ocrx_word' id='word_1_59' title='bbox 230 1042 391 1113; x_wconf 76' lang='lat' dir='ltr'>lacessituS,</span> <span class='ocrx_word' id='word_1_60' title='bbox 405 1042 588 1099; x_wconf 80' lang='lat' dir='ltr'><strong>occasionem</strong></span> <span class='ocrx_word' id='word_1_61' title='bbox 608 1042 673 1111; x_wconf 92' lang='lat' dir='ltr'>sibi,</span> <span class='ocrx_word' id='word_1_62' title='bbox 689 1042 726 1097; x_wconf 92' lang='lat' dir='ltr'>ad</span> <span class='ocrx_word' id='word_1_63' title='bbox 746 1041 944 1116; x_wconf 76' lang='lat' dir='ltr'><strong>occupandam</strong></span> <span class='ocrx_word' id='word_1_64' title='bbox 965 1040 1077 1110; x_wconf 84' lang='lat' dir='ltr'>Asiam,</span> <span class='ocrx_word' id='word_1_65' title='bbox 1092 1040 1220 1097; x_wconf 87' lang='lat' dir='ltr'>oblatam</span> 
     </span>
     <span class='ocr_line' id='line_1_10' title="bbox 231 1118 1220 1194; baseline -0.002 -17"><span class='ocrx_word' id='word_1_66' title='bbox 231 1139 294 1177; x_wconf 86' lang='lat' dir='ltr'>esse</span> <span class='ocrx_word' id='word_1_67' title='bbox 309 1122 470 1177; x_wconf 84' lang='lat' dir='ltr'>arbitratur.</span> <span class='ocrx_word' id='word_1_68' title='bbox 512 1119 664 1194; x_wconf 90' lang='lat' dir='ltr'>Equitibus</span> <span class='ocrx_word' id='word_1_69' title='bbox 675 1118 827 1186; x_wconf 86' lang='lat' dir='ltr'>Romanis,</span> <span class='ocrx_word' id='word_1_70' title='bbox 839 1118 1046 1175; x_wconf 84' lang='lat' dir='ltr'>honestissimis</span> <span class='ocrx_word' id='word_1_71' title='bbox 1059 1119 1136 1189; x_wconf 89' lang='lat' dir='ltr'>viris,</span> <span class='ocrx_word' id='word_1_72' title='bbox 1152 1119 1220 1176; x_wconf 82' lang='lat' dir='ltr'>affe-</span> 
     </span>
    </p>

    <p class='ocr_par' dir='ltr' id='par_1_5' title="bbox 181 1197 1220 1590">
     <span class='ocr_line' id='line_1_11' title="bbox 181 1197 1219 1275; baseline -0.002 -20"><span class='ocrx_word' id='word_1_73' title='bbox 181 1204 213 1255; x_wconf 93' lang='lat'>10</span> <span class='ocrx_word' id='word_1_74' title='bbox 231 1210 331 1256; x_wconf 91' lang='lat' dir='ltr'>runtur</span> <span class='ocrx_word' id='word_1_75' title='bbox 345 1218 381 1255; x_wconf 86' lang='lat' dir='ltr'>err</span> <span class='ocrx_word' id='word_1_76' title='bbox 394 1198 466 1257; x_wconf 82' lang='lat' dir='ltr'>Asit</span> <span class='ocrx_word' id='word_1_77' title='bbox 486 1198 612 1275; x_wconf 84' lang='lat' dir='ltr'>quotidie</span> <span class='ocrx_word' id='word_1_78' title='bbox 632 1197 732 1268; x_wconf 77' lang='lat' dir='ltr'>literae,</span> <span class='ocrx_word' id='word_1_79' title='bbox 745 1214 866 1273; x_wconf 83' lang='lat' dir='ltr'>quorum</span> <span class='ocrx_word' id='word_1_80' title='bbox 883 1216 996 1273; x_wconf 76' lang='lat' dir='ltr'>magne</span> <span class='ocrx_word' id='word_1_81' title='bbox 1016 1217 1062 1254; x_wconf 90' lang='lat' dir='ltr'>res</span> <span class='ocrx_word' id='word_1_82' title='bbox 1083 1208 1219 1273; x_wconf 87' lang='lat' dir='ltr'>aguntur,</span> 
     </span>
     <span class='ocr_line' id='line_1_12' title="bbox 232 1276 1220 1354; baseline -0.001 -20"><span class='ocrx_word' id='word_1_83' title='bbox 232 1278 261 1334; x_wconf 92' lang='lat' dir='ltr'>in</span> <span class='ocrx_word' id='word_1_84' title='bbox 276 1278 376 1334; x_wconf 87' lang='lat' dir='ltr'>vestris</span> <span class='ocrx_word' id='word_1_85' title='bbox 390 1277 577 1354; x_wconf 85' lang='lat' dir='ltr'>vectigalibus</span> <span class='ocrx_word' id='word_1_86' title='bbox 597 1277 766 1333; x_wconf 81' lang='lat' dir='ltr'>exercendis</span> <span class='ocrx_word' id='word_1_87' title='bbox 785 1285 948 1351; x_wconf 80' lang='lat' dir='ltr'>occupatae3</span> <span class='ocrx_word' id='word_1_88' title='bbox 970 1276 1018 1350; x_wconf 93' lang='lat' dir='ltr'>qui</span> <span class='ocrx_word' id='word_1_89' title='bbox 1040 1276 1076 1332; x_wconf 93' lang='lat' dir='ltr'>ad</span> <span class='ocrx_word' id='word_1_90' title='bbox 1098 1295 1152 1345; x_wconf 90' lang='lat' dir='ltr'>me,</span> <span class='ocrx_word' id='word_1_91' title='bbox 1167 1296 1220 1351; x_wconf 91' lang='lat' dir='ltr'>pro</span> 
     </span>
     <span class='ocr_line' id='line_1_13' title="bbox 232 1352 1220 1432; baseline -0.001 -19"><span class='ocrx_word' id='word_1_92' title='bbox 232 1356 445 1414; x_wconf 81' lang='lat' dir='ltr'>necessitudine</span> <span class='ocrx_word' id='word_1_93' title='bbox 458 1376 521 1432; x_wconf 85' lang='lat' dir='ltr'>quae</span> <span class='ocrx_word' id='word_1_94' title='bbox 536 1356 606 1413; x_wconf 94' lang='lat' dir='ltr'>mihi</span> <span class='ocrx_word' id='word_1_95' title='bbox 620 1364 663 1412; x_wconf 89' lang='lat' dir='ltr'>est</span> <span class='ocrx_word' id='word_1_96' title='bbox 678 1374 745 1411; x_wconf 92' lang='lat' dir='ltr'>cum</span> <span class='ocrx_word' id='word_1_97' title='bbox 759 1352 808 1412; x_wconf 92' lang='lat' dir='ltr'>illo</span> <span class='ocrx_word' id='word_1_98' title='bbox 820 1354 930 1424; x_wconf 91' lang='lat' dir='ltr'>ordine,</span> <span class='ocrx_word' id='word_1_99' title='bbox 945 1373 1064 1411; x_wconf 87' lang='lat' dir='ltr'>causam</span> <span class='ocrx_word' id='word_1_100' title='bbox 1084 1354 1220 1429; x_wconf 91' lang='lat' dir='ltr'>reipubli-</span> 
     </span>
     <span class='ocr_line' id='line_1_14' title="bbox 232 1432 1219 1513; baseline -0.003 -21"><span class='ocrx_word' id='word_1_101' title='bbox 232 1455 274 1492; x_wconf 85' lang='lat' dir='ltr'>cae</span> <span class='ocrx_word' id='word_1_102' title='bbox 300 1436 485 1513; x_wconf 87' lang='lat' dir='ltr'>periculaque</span> <span class='ocrx_word' id='word_1_103' title='bbox 511 1453 607 1491; x_wconf 91' lang='lat' dir='ltr'>rerum</span> <span class='ocrx_word' id='word_1_104' title='bbox 634 1452 751 1490; x_wconf 90' lang='lat' dir='ltr'>suarum</span> <span class='ocrx_word' id='word_1_105' title='bbox 777 1433 959 1490; x_wconf 86' lang='lat' dir='ltr'>detulerunt:</span> <span class='ocrx_word' id='word_1_106' title='bbox 981 1432 1133 1507; x_wconf 81' lang='lat' dir='ltr'>Bithynia,</span> <span class='ocrx_word' id='word_1_107' title='bbox 1153 1452 1219 1507; x_wconf 79' lang='lat' dir='ltr'>quae</span> 
     </span>
     <span class='ocr_line' id='line_1_15' title="bbox 231 1512 1220 1590; baseline -0.003 -19"><span class='ocrx_word' id='word_1_108' title='bbox 231 1534 310 1571; x_wconf 88' lang='lat' dir='ltr'>nunc</span> <span class='ocrx_word' id='word_1_109' title='bbox 324 1524 417 1571; x_wconf 89' lang='lat' dir='ltr'>vestra</span> <span class='ocrx_word' id='word_1_110' title='bbox 429 1513 576 1590; x_wconf 86' lang='lat' dir='ltr'>provincia</span> <span class='ocrx_word' id='word_1_111' title='bbox 590 1523 642 1582; x_wconf 90' lang='lat' dir='ltr'>est,</span> <span class='ocrx_word' id='word_1_112' title='bbox 658 1512 736 1569; x_wconf 87' lang='lat' dir='ltr'>vicos</span> <span class='ocrx_word' id='word_1_113' title='bbox 752 1522 866 1569; x_wconf 82' lang='lat' dir='ltr'>exustos</span> <span class='ocrx_word' id='word_1_114' title='bbox 879 1530 942 1567; x_wconf 87' lang='lat' dir='ltr'>esse</span> <span class='ocrx_word' id='word_1_115' title='bbox 957 1512 1134 1587; x_wconf 88' lang='lat' dir='ltr'>complures:</span> <span class='ocrx_word' id='word_1_116' title='bbox 1155 1531 1220 1587; x_wconf 88' lang='lat' dir='ltr'>reg·</span> 
     </span>
    </p>

    <p class='ocr_par' dir='ltr' id='par_1_6' title="bbox 181 1590 1220 1979">
     <span class='ocr_line' id='line_1_16' title="bbox 181 1590 1219 1666; baseline -0.005 -15"><span class='ocrx_word' id='word_1_117' title='bbox 181 1599 214 1651; x_wconf 91' lang='lat'>15</span> <span class='ocrx_word' id='word_1_118' title='bbox 231 1612 300 1649; x_wconf 91' lang='lat' dir='ltr'>num</span> <span class='ocrx_word' id='word_1_119' title='bbox 322 1592 539 1661; x_wconf 85' lang='lat' dir='ltr'>Ariobarzanis,</span> <span class='ocrx_word' id='word_1_120' title='bbox 559 1592 634 1666; x_wconf 90' lang='lat' dir='ltr'>quod</span> <span class='ocrx_word' id='word_1_121' title='bbox 661 1590 814 1647; x_wconf 87' lang='lat' dir='ltr'>finitimum</span> <span class='ocrx_word' id='word_1_122' title='bbox 834 1601 878 1646; x_wconf 88' lang='lat' dir='ltr'>est</span> <span class='ocrx_word' id='word_1_123' title='bbox 898 1590 998 1647; x_wconf 87' lang='lat' dir='ltr'>vestris</span> <span class='ocrx_word' id='word_1_124' title='bbox 1018 1590 1219 1665; x_wconf 86' lang='lat' dir='ltr'>vectigalibus,</span> 
     </span>
     <span class='ocr_line' id='line_1_17' title="bbox 232 1668 1220 1744; baseline -0.002 -17"><span class='ocrx_word' id='word_1_125' title='bbox 232 1681 322 1728; x_wconf 88' lang='lat' dir='ltr'>totum</span> <span class='ocrx_word' id='word_1_126' title='bbox 344 1691 406 1728; x_wconf 89' lang='lat' dir='ltr'>esse</span> <span class='ocrx_word' id='word_1_127' title='bbox 427 1672 457 1727; x_wconf 92' lang='lat' dir='ltr'>in</span> <span class='ocrx_word' id='word_1_128' title='bbox 478 1670 601 1727; x_wconf 90' lang='lat' dir='ltr'>hostium</span> <span class='ocrx_word' id='word_1_129' title='bbox 627 1679 784 1744; x_wconf 83' lang='lat' dir='ltr'>potestate3</span> <span class='ocrx_word' id='word_1_130' title='bbox 812 1668 977 1739; x_wconf 84' lang='lat' dir='ltr'>Lucullum,</span> <span class='ocrx_word' id='word_1_131' title='bbox 999 1669 1112 1744; x_wconf 84' lang='lat' dir='ltr'>magnis</span> <span class='ocrx_word' id='word_1_132' title='bbox 1131 1668 1220 1725; x_wconf 89' lang='lat' dir='ltr'>rebus</span> 
     </span>
     <span class='ocr_line' id='line_1_18' title="bbox 231 1746 1220 1824; baseline -0.001 -20"><span class='ocrx_word' id='word_1_133' title='bbox 231 1749 329 1824; x_wconf 79' lang='lat' dir='ltr'>gestie,</span> <span class='ocrx_word' id='word_1_134' title='bbox 345 1750 381 1804; x_wconf 90' lang='lat' dir='ltr'>ab</span> <span class='ocrx_word' id='word_1_135' title='bbox 401 1768 436 1805; x_wconf 88' lang='lat' dir='ltr'>eo</span> <span class='ocrx_word' id='word_1_136' title='bbox 456 1748 530 1804; x_wconf 90' lang='lat' dir='ltr'>bello</span> <span class='ocrx_word' id='word_1_137' title='bbox 548 1748 715 1815; x_wconf 82' lang='lat' dir='ltr'>discedere3</span> <span class='ocrx_word' id='word_1_138' title='bbox 737 1747 806 1803; x_wconf 94' lang='lat' dir='ltr'>huic</span> <span class='ocrx_word' id='word_1_139' title='bbox 819 1747 868 1821; x_wconf 91' lang='lat' dir='ltr'>qui</span> <span class='ocrx_word' id='word_1_140' title='bbox 882 1746 1062 1817; x_wconf 79' lang='lat' dir='ltr'>successerit,</span> <span class='ocrx_word' id='word_1_141' title='bbox 1078 1747 1220 1804; x_wconf 87' lang='lat' dir='ltr'>nonsatis</span> 
     </span>
     <span class='ocr_line' id='line_1_19' title="bbox 232 1825 1219 1899; baseline -0.001 -17"><span class='ocrx_word' id='word_1_142' title='bbox 232 1846 294 1882; x_wconf 90' lang='lat' dir='ltr'>esse</span> <span class='ocrx_word' id='word_1_143' title='bbox 315 1837 444 1899; x_wconf 92' lang='lat' dir='ltr'>paratum</span> <span class='ocrx_word' id='word_1_144' title='bbox 466 1826 501 1881; x_wconf 88' lang='lat' dir='ltr'>ad</span> <span class='ocrx_word' id='word_1_145' title='bbox 522 1835 633 1881; x_wconf 84' lang='lat' dir='ltr'>tantum</span> <span class='ocrx_word' id='word_1_146' title='bbox 653 1825 760 1881; x_wconf 91' lang='lat' dir='ltr'>bellum</span> <span class='ocrx_word' id='word_1_147' title='bbox 782 1825 1055 1894; x_wconf 88' lang='lat' dir='ltr'>administrandum;</span> <span class='ocrx_word' id='word_1_148' title='bbox 1077 1844 1166 1881; x_wconf 90' lang='lat' dir='ltr'>unum</span> <span class='ocrx_word' id='word_1_149' title='bbox 1181 1826 1219 1881; x_wconf 95' lang='lat' dir='ltr'>ab</span> 
     </span>
     <span class='ocr_line' id='line_1_20' title="bbox 231 1903 1219 1979; baseline 0.001 -19"><span class='ocrx_word' id='word_1_150' title='bbox 231 1903 364 1960; x_wconf 91' lang='lat' dir='ltr'>omnibus</span> <span class='ocrx_word' id='word_1_151' title='bbox 384 1903 469 1961; x_wconf 90' lang='lat' dir='ltr'>sociis</span> <span class='ocrx_word' id='word_1_152' title='bbox 490 1913 518 1959; x_wconf 92' lang='lat' dir='ltr'>et</span> <span class='ocrx_word' id='word_1_153' title='bbox 533 1903 644 1959; x_wconf 91' lang='lat' dir='ltr'>civibus</span> <span class='ocrx_word' id='word_1_154' title='bbox 665 1903 748 1959; x_wconf 88' lang='lat' dir='ltr'>adid</span> <span class='ocrx_word' id='word_1_155' title='bbox 768 1903 875 1959; x_wconf 90' lang='lat' dir='ltr'>bellum</span> <span class='ocrx_word' id='word_1_156' title='bbox 889 1904 1087 1979; x_wconf 85' lang='lat' dir='ltr'>imperatorem</span> <span class='ocrx_word' id='word_1_157' title='bbox 1101 1904 1219 1979; x_wconf 89' lang='lat' dir='ltr'>deposci</span> 
     </span>
    </p>

    <p class='ocr_par' dir='ltr' id='par_1_7' title="bbox 178 1982 1219 2118">
     <span class='ocr_line' id='line_1_21' title="bbox 178 1982 1219 2058; baseline 0.002 -21"><span class='ocrx_word' id='word_1_158' title='bbox 178 1995 214 2047; x_wconf 76' lang='lat'>20</span> <span class='ocrx_word' id='word_1_159' title='bbox 233 1993 316 2056; x_wconf 90' lang='lat' dir='ltr'>atque</span> <span class='ocrx_word' id='word_1_160' title='bbox 328 1982 421 2057; x_wconf 87' lang='lat' dir='ltr'>expeti</span> <span class='ocrx_word' id='word_1_161' title='bbox 431 2001 438 2053; x_wconf 90' lang='lat'>;</span> <span class='ocrx_word' id='word_1_162' title='bbox 460 1983 585 2039; x_wconf 90' lang='lat' dir='ltr'>eundem</span> <span class='ocrx_word' id='word_1_163' title='bbox 596 1982 674 2038; x_wconf 92' lang='lat' dir='ltr'>hunc</span> <span class='ocrx_word' id='word_1_164' title='bbox 683 2001 774 2038; x_wconf 92' lang='lat' dir='ltr'>unum</span> <span class='ocrx_word' id='word_1_165' title='bbox 786 1983 822 2038; x_wconf 91' lang='lat' dir='ltr'>ab</span> <span class='ocrx_word' id='word_1_166' title='bbox 832 1982 960 2039; x_wconf 92' lang='lat' dir='ltr'>hostibus</span> <span class='ocrx_word' id='word_1_167' title='bbox 970 1982 1069 2053; x_wconf 90' lang='lat' dir='ltr'>metui,</span> <span class='ocrx_word' id='word_1_168' title='bbox 1080 1993 1219 2058; x_wconf 71' lang='lat' dir='ltr'>praeterea</span> 
     </span>
     <span class='ocr_line' id='line_1_22' title="bbox 231 2078 688 2118; baseline -0.004 -1"><span class='ocrx_word' id='word_1_169' title='bbox 231 2078 385 2118; x_wconf 89' lang='lat' dir='ltr'>nemmem.</span> <span class='ocrx_word' id='word_1_170' title='bbox 686 2094 688 2099; x_wconf 69' lang='lat'>,</span> 
     </span>
    </p>

    <p class='ocr_par' dir='ltr' id='par_1_8' title="bbox 231 2138 1217 2374">
     <span class='ocr_line' id='line_1_23' title="bbox 271 2138 1217 2216; baseline 0.002 -21"><span class='ocrx_word' id='word_1_171' title='bbox 271 2138 369 2195; x_wconf 86' lang='lat' dir='ltr'>Causa</span> <span class='ocrx_word' id='word_1_172' title='bbox 389 2159 451 2215; x_wconf 85' lang='lat' dir='ltr'>quae</span> <span class='ocrx_word' id='word_1_173' title='bbox 472 2139 518 2204; x_wconf 83' lang='lat' dir='ltr'>sit,</span> <span class='ocrx_word' id='word_1_174' title='bbox 533 2138 653 2197; x_wconf 85' lang='lat' dir='ltr'>videtis:</span> <span class='ocrx_word' id='word_1_175' title='bbox 674 2158 763 2210; x_wconf 89' lang='lat' dir='ltr'>nunc,</span> <span class='ocrx_word' id='word_1_176' title='bbox 777 2138 846 2216; x_wconf 92' lang='lat' dir='ltr'>quid</span> <span class='ocrx_word' id='word_1_177' title='bbox 867 2140 1010 2216; x_wconf 83' lang='lat' dir='ltr'>agendum</span> <span class='ocrx_word' id='word_1_178' title='bbox 1028 2140 1074 2211; x_wconf 91' lang='lat' dir='ltr'>sit,</span> <span class='ocrx_word' id='word_1_179' title='bbox 1089 2139 1217 2197; x_wconf 90' lang='lat' dir='ltr'>conside-</span> 
     </span>
     <span class='ocr_line' id='line_1_24' title="bbox 231 2218 1216 2295; baseline 0 -19"><span class='ocrx_word' id='word_1_180' title='bbox 231 2229 301 2278; x_wconf 92' lang='lat' dir='ltr'>rate.</span> <span class='ocrx_word' id='word_1_181' title='bbox 343 2218 472 2276; x_wconf 85' lang='lat' dir='ltr'>Primhm</span> <span class='ocrx_word' id='word_1_182' title='bbox 486 2219 556 2276; x_wconf 92' lang='lat' dir='ltr'>mihi</span> <span class='ocrx_word' id='word_1_183' title='bbox 571 2219 682 2277; x_wconf 88' lang='lat' dir='ltr'>videtur</span> <span class='ocrx_word' id='word_1_184' title='bbox 696 2219 733 2276; x_wconf 93' lang='lat' dir='ltr'>de</span> <span class='ocrx_word' id='word_1_185' title='bbox 746 2238 852 2295; x_wconf 87' lang='lat' dir='ltr'>genere</span> <span class='ocrx_word' id='word_1_186' title='bbox 865 2219 943 2289; x_wconf 90' lang='lat' dir='ltr'>belli,</span> <span class='ocrx_word' id='word_1_187' title='bbox 958 2219 1062 2276; x_wconf 90' lang='lat' dir='ltr'>deinde</span> <span class='ocrx_word' id='word_1_188' title='bbox 1082 2219 1119 2276; x_wconf 91' lang='lat' dir='ltr'>de</span> <span class='ocrx_word' id='word_1_189' title='bbox 1140 2238 1216 2295; x_wconf 86' lang='lat' dir='ltr'>mag·</span> 
     </span>
     <span class='ocr_line' id='line_1_25' title="bbox 232 2297 1217 2374; baseline -0.001 -18"><span class='ocrx_word' id='word_1_190' title='bbox 232 2299 372 2369; x_wconf 91' lang='lat' dir='ltr'>nitudine,</span> <span class='ocrx_word' id='word_1_191' title='bbox 388 2311 448 2356; x_wconf 91' lang='lat' dir='ltr'>tum</span> <span class='ocrx_word' id='word_1_192' title='bbox 469 2299 506 2356; x_wconf 88' lang='lat' dir='ltr'>de</span> <span class='ocrx_word' id='word_1_193' title='bbox 520 2299 689 2374; x_wconf 87' lang='lat' dir='ltr'>imperatore</span> <span class='ocrx_word' id='word_1_194' title='bbox 703 2299 865 2374; x_wconf 84' lang='lat' dir='ltr'>deligendo,</span> <span class='ocrx_word' id='word_1_195' title='bbox 880 2317 943 2355; x_wconf 90' lang='lat' dir='ltr'>esse</span> <span class='ocrx_word' id='word_1_196' title='bbox 956 2297 1120 2355; x_wconf 90' lang='lat' dir='ltr'>dicendum.</span> <span class='ocrx_word' id='word_1_197' title='bbox 1161 2299 1217 2355; x_wconf 89' lang='lat' dir='ltr'>Ge·</span> 
     </span>
    </p>

    <p class='ocr_par' dir='ltr' id='par_1_9' title="bbox 179 2376 1217 2766">
     <span class='ocr_line' id='line_1_26' title="bbox 179 2376 1216 2452; baseline -0.006 -14"><span class='ocrx_word' id='word_1_198' title='bbox 179 2385 213 2438; x_wconf 81' lang='lat'>25</span> <span class='ocrx_word' id='word_1_199' title='bbox 232 2397 286 2435; x_wconf 89' lang='lat' dir='ltr'>nus</span> <span class='ocrx_word' id='word_1_200' title='bbox 300 2387 343 2434; x_wconf 87' lang='lat' dir='ltr'>est</span> <span class='ocrx_word' id='word_1_201' title='bbox 356 2377 423 2434; x_wconf 88' lang='lat' dir='ltr'>belli</span> <span class='ocrx_word' id='word_1_202' title='bbox 438 2377 587 2452; x_wconf 87' lang='lat' dir='ltr'>ejusmodi,</span> <span class='ocrx_word' id='word_1_203' title='bbox 602 2378 677 2452; x_wconf 88' lang='lat' dir='ltr'>quod</span> <span class='ocrx_word' id='word_1_204' title='bbox 692 2376 815 2433; x_wconf 78' lang='lat' dir='ltr'>maxime</span> <span class='ocrx_word' id='word_1_205' title='bbox 835 2387 941 2434; x_wconf 87' lang='lat' dir='ltr'>vestros</span> <span class='ocrx_word' id='word_1_206' title='bbox 962 2376 1071 2434; x_wconf 90' lang='lat' dir='ltr'>animos</span> <span class='ocrx_word' id='word_1_207' title='bbox 1091 2377 1216 2434; x_wconf 84' lang='lat' dir='ltr'>excitare</span> 
     </span>
     <span class='ocr_line' id='line_1_27' title="bbox 233 2454 1216 2531; baseline 0 -21"><span class='ocrx_word' id='word_1_208' title='bbox 233 2466 317 2528; x_wconf 86' lang='lat' dir='ltr'>atque</span> <span class='ocrx_word' id='word_1_209' title='bbox 338 2454 515 2512; x_wconf 85' lang='lat' dir='ltr'>inflammare</span> <span class='ocrx_word' id='word_1_210' title='bbox 537 2455 572 2511; x_wconf 89' lang='lat' dir='ltr'>ad</span> <span class='ocrx_word' id='word_1_211' title='bbox 600 2456 726 2511; x_wconf 91' lang='lat' dir='ltr'>studium</span> <span class='ocrx_word' id='word_1_212' title='bbox 748 2455 936 2530; x_wconf 90' lang='lat' dir='ltr'>persequendi</span> <span class='ocrx_word' id='word_1_213' title='bbox 958 2455 1069 2512; x_wconf 88' lang='lat' dir='ltr'>debeat.</span> <span class='ocrx_word' id='word_1_214' title='bbox 1111 2455 1216 2531; x_wconf 84' lang='lat' dir='ltr'>Agitur</span> 
     </span>
     <span class='ocr_line' id='line_1_28' title="bbox 232 2532 1217 2609; baseline 0.001 -21"><span class='ocrx_word' id='word_1_215' title='bbox 232 2533 309 2588; x_wconf 91' lang='lat' dir='ltr'>enim</span> <span class='ocrx_word' id='word_1_216' title='bbox 322 2533 417 2606; x_wconf 92' lang='lat' dir='ltr'>populi</span> <span class='ocrx_word' id='word_1_217' title='bbox 433 2533 558 2589; x_wconf 86' lang='lat' dir='ltr'>Romani</span> <span class='ocrx_word' id='word_1_218' title='bbox 573 2533 673 2608; x_wconf 87' lang='lat' dir='ltr'>gioria,</span> <span class='ocrx_word' id='word_1_219' title='bbox 684 2552 747 2608; x_wconf 86' lang='lat' dir='ltr'>quae</span> <span class='ocrx_word' id='word_1_220' title='bbox 758 2533 837 2591; x_wconf 82' lang='lat' dir='ltr'>robis</span> <span class='ocrx_word' id='word_1_221' title='bbox 852 2553 869 2590; x_wconf 89' lang='lat' dir='ltr'>a</span> <span class='ocrx_word' id='word_1_222' title='bbox 882 2533 1046 2608; x_wconf 88' lang='lat' dir='ltr'>majoribus,</span> <span class='ocrx_word' id='word_1_223' title='bbox 1058 2532 1126 2591; x_wconf 81' lang='lat' dir='ltr'>crim</span> <span class='ocrx_word' id='word_1_224' title='bbox 1139 2553 1217 2609; x_wconf 84' lang='lat' dir='ltr'>mag-</span> 
     </span>
     <span class='ocr_line' id='line_1_29' title="bbox 231 2609 1215 2683; baseline 0.003 -18"><span class='ocrx_word' id='word_1_225' title='bbox 231 2629 270 2666; x_wconf 91' lang='lat' dir='ltr'>na</span> <span class='ocrx_word' id='word_1_226' title='bbox 284 2610 314 2666; x_wconf 91' lang='lat' dir='ltr'>in</span> <span class='ocrx_word' id='word_1_227' title='bbox 328 2609 413 2666; x_wconf 92' lang='lat' dir='ltr'>rebus</span> <span class='ocrx_word' id='word_1_228' title='bbox 427 2611 568 2681; x_wconf 90' lang='lat' dir='ltr'>omnibus,</span> <span class='ocrx_word' id='word_1_229' title='bbox 584 2621 644 2666; x_wconf 92' lang='lat' dir='ltr'>tum</span> <span class='ocrx_word' id='word_1_230' title='bbox 665 2630 777 2668; x_wconf 87' lang='lat' dir='ltr'>summa</span> <span class='ocrx_word' id='word_1_231' title='bbox 797 2612 827 2669; x_wconf 93' lang='lat' dir='ltr'>in</span> <span class='ocrx_word' id='word_1_232' title='bbox 848 2632 879 2669; x_wconf 92' lang='lat' dir='ltr'>re</span> <span class='ocrx_word' id='word_1_233' title='bbox 897 2612 1023 2683; x_wconf 88' lang='lat' dir='ltr'>militari,</span> <span class='ocrx_word' id='word_1_234' title='bbox 1038 2613 1143 2669; x_wconf 65' lang='lat' dir='ltr'>tradita</span> <span class='ocrx_word' id='word_1_235' title='bbox 1156 2621 1215 2668; x_wconf 92' lang='lat' dir='ltr'>est:</span> 
     </span>
     <span class='ocr_line' id='line_1_30' title="bbox 233 2687 1217 2766; baseline 0.004 -23"><span class='ocrx_word' id='word_1_236' title='bbox 233 2687 326 2762; x_wconf 83' lang='lat' dir='ltr'>agitur</span> <span class='ocrx_word' id='word_1_237' title='bbox 341 2687 417 2744; x_wconf 86' lang='lat' dir='ltr'>salus</span> <span class='ocrx_word' id='word_1_238' title='bbox 431 2689 573 2746; x_wconf 92' lang='lat' dir='ltr'>sociorum</span> <span class='ocrx_word' id='word_1_239' title='bbox 585 2700 669 2764; x_wconf 88' lang='lat' dir='ltr'>atque</span> <span class='ocrx_word' id='word_1_240' title='bbox 684 2691 851 2761; x_wconf 85' lang='lat' dir='ltr'>amicorum,</span> <span class='ocrx_word' id='word_1_241' title='bbox 862 2710 912 2765; x_wconf 86' lang='lat' dir='ltr'>pro</span> <span class='ocrx_word' id='word_1_242' title='bbox 922 2691 979 2766; x_wconf 73' lang='lat' dir='ltr'>qud</span> <span class='ocrx_word' id='word_1_243' title='bbox 992 2691 1083 2747; x_wconf 89' lang='lat' dir='ltr'>multa</span> <span class='ocrx_word' id='word_1_244' title='bbox 1096 2689 1217 2766; x_wconf 87' lang='lat' dir='ltr'>majores</span> 
     </span>
    </p>

    <p class='ocr_par' dir='ltr' id='par_1_10' title="bbox 179 2766 1218 3153">
     <span class='ocr_line' id='line_1_31' title="bbox 179 2766 1218 2846; baseline 0.002 -22"><span class='ocrx_word' id='word_1_245' title='bbox 179 2771 214 2824; x_wconf 84' lang='lat'>30</span> <span class='ocrx_word' id='word_1_246' title='bbox 232 2766 316 2822; x_wconf 89' lang='lat' dir='ltr'>vestri</span> <span class='ocrx_word' id='word_1_247' title='bbox 338 2785 443 2842; x_wconf 86' lang='lat' dir='ltr'>magna</span> <span class='ocrx_word' id='word_1_248' title='bbox 463 2777 492 2824; x_wconf 89' lang='lat' dir='ltr'>et</span> <span class='ocrx_word' id='word_1_249' title='bbox 511 2768 609 2844; x_wconf 84' lang='lat' dir='ltr'>gravia</span> <span class='ocrx_word' id='word_1_250' title='bbox 629 2770 705 2826; x_wconf 86' lang='lat' dir='ltr'>bella</span> <span class='ocrx_word' id='word_1_251' title='bbox 725 2780 892 2846; x_wconf 86' lang='lat' dir='ltr'>gesserunt:</span> <span class='ocrx_word' id='word_1_252' title='bbox 915 2780 1037 2845; x_wconf 83' lang='lat' dir='ltr'>aguntur</span> <span class='ocrx_word' id='word_1_253' title='bbox 1058 2769 1218 2827; x_wconf 90' lang='lat' dir='ltr'>certissima</span> 
     </span>
     <span class='ocr_line' id='line_1_32' title="bbox 231 2844 1218 2924; baseline 0.003 -24"><span class='ocrx_word' id='word_1_254' title='bbox 231 2845 326 2921; x_wconf 94' lang='lat' dir='ltr'>populi</span> <span class='ocrx_word' id='word_1_255' title='bbox 340 2844 467 2903; x_wconf 85' lang='lat' dir='ltr'>Romani</span> <span class='ocrx_word' id='word_1_256' title='bbox 481 2847 633 2924; x_wconf 84' lang='lat' dir='ltr'>vectigalia</span> <span class='ocrx_word' id='word_1_257' title='bbox 647 2858 675 2905; x_wconf 93' lang='lat' dir='ltr'>et</span> <span class='ocrx_word' id='word_1_258' title='bbox 690 2848 832 2917; x_wconf 86' lang='lat' dir='ltr'>marrima;</span> <span class='ocrx_word' id='word_1_259' title='bbox 852 2847 956 2922; x_wconf 88' lang='lat' dir='ltr'>quibus</span> <span class='ocrx_word' id='word_1_260' title='bbox 968 2847 1088 2917; x_wconf 78' lang='lat' dir='ltr'>amissiS,</span> <span class='ocrx_word' id='word_1_261' title='bbox 1099 2858 1128 2905; x_wconf 92' lang='lat' dir='ltr'>et</span> <span class='ocrx_word' id='word_1_262' title='bbox 1137 2848 1218 2923; x_wconf 89' lang='lat' dir='ltr'>pacis</span> 
     </span>
     <span class='ocr_line' id='line_1_33' title="bbox 231 2926 1218 3002; baseline 0.002 -23"><span class='ocrx_word' id='word_1_263' title='bbox 231 2934 409 2994; x_wconf 88' lang='lat' dir='ltr'>ornamenta,</span> <span class='ocrx_word' id='word_1_264' title='bbox 423 2935 453 2982; x_wconf 88' lang='lat' dir='ltr'>et</span> <span class='ocrx_word' id='word_1_265' title='bbox 472 2926 601 2983; x_wconf 89' lang='lat' dir='ltr'>subsidia</span> <span class='ocrx_word' id='word_1_266' title='bbox 620 2926 699 2998; x_wconf 89' lang='lat' dir='ltr'>belli,</span> <span class='ocrx_word' id='word_1_267' title='bbox 719 2926 886 3000; x_wconf 90' lang='lat' dir='ltr'>requiretis:</span> <span class='ocrx_word' id='word_1_268' title='bbox 908 2936 1031 3002; x_wconf 87' lang='lat' dir='ltr'>aguntur</span> <span class='ocrx_word' id='word_1_269' title='bbox 1053 2927 1127 2985; x_wconf 91' lang='lat' dir='ltr'>bona</span> <span class='ocrx_word' id='word_1_270' title='bbox 1147 2926 1218 2982; x_wconf 91' lang='lat' dir='ltr'>mul·</span> 
     </span>
     <span class='ocr_line' id='line_1_34' title="bbox 232 3003 1217 3082; baseline 0 -22"><span class='ocrx_word' id='word_1_271' title='bbox 232 3011 324 3060; x_wconf 84' lang='lat' dir='ltr'>torum</span> <span class='ocrx_word' id='word_1_272' title='bbox 346 3003 461 3075; x_wconf 91' lang='lat' dir='ltr'>civium,</span> <span class='ocrx_word' id='word_1_273' title='bbox 475 3005 579 3080; x_wconf 88' lang='lat' dir='ltr'>quibus</span> <span class='ocrx_word' id='word_1_274' title='bbox 600 3015 643 3062; x_wconf 89' lang='lat' dir='ltr'>est</span> <span class='ocrx_word' id='word_1_275' title='bbox 664 3025 681 3062; x_wconf 91' lang='lat' dir='ltr'>a</span> <span class='ocrx_word' id='word_1_276' title='bbox 700 3006 789 3076; x_wconf 87' lang='lat' dir='ltr'>vobis,</span> <span class='ocrx_word' id='word_1_277' title='bbox 810 3014 839 3062; x_wconf 92' lang='lat' dir='ltr'>et</span> <span class='ocrx_word' id='word_1_278' title='bbox 859 3005 983 3080; x_wconf 87' lang='lat' dir='ltr'>ipsorum</span> <span class='ocrx_word' id='word_1_279' title='bbox 1002 3015 1032 3062; x_wconf 90' lang='lat' dir='ltr'>et</span> <span class='ocrx_word' id='word_1_280' title='bbox 1052 3005 1217 3082; x_wconf 74' lang='lat' dir='ltr'>reipublice</span> 
     </span>
     <span class='ocr_line' id='line_1_35' title="bbox 233 3082 563 3153; baseline 0.003 -15"><span class='ocrx_word' id='word_1_281' title='bbox 233 3082 331 3153; x_wconf 76' lang='lat' dir='ltr'>causa,</span> <span class='ocrx_word' id='word_1_282' title='bbox 347 3084 563 3141; x_wconf 89' lang='lat' dir='ltr'>consulendum.</span> 
     </span>
    </p>

    <p class='ocr_par' dir='ltr' id='par_1_11' title="bbox 178 3157 1218 3551">
     <span class='ocr_line' id='line_1_36' title="bbox 178 3157 1218 3238; baseline 0.006 -26"><span class='ocrx_word' id='word_1_283' title='bbox 178 3157 215 3214; x_wconf 84' lang='lat'>35</span> <span class='ocrx_word' id='word_1_284' title='bbox 272 3159 329 3218; x_wconf 93' lang='grc' dir='ltr'>ΙΙΙ.</span> <span class='ocrx_word' id='word_1_285' title='bbox 365 3159 412 3232; x_wconf 88' lang='lat' dir='ltr'>Et,</span> <span class='ocrx_word' id='word_1_286' title='bbox 426 3163 561 3236; x_wconf 91' lang='lat' dir='ltr'>quoniam</span> <span class='ocrx_word' id='word_1_287' title='bbox 576 3181 686 3238; x_wconf 89' lang='lat' dir='ltr'>semper</span> <span class='ocrx_word' id='word_1_288' title='bbox 701 3171 865 3238; x_wconf 88' lang='lat' dir='ltr'>appetentes</span> <span class='ocrx_word' id='word_1_289' title='bbox 879 3161 975 3238; x_wconf 72' lang='lat' dir='ltr'>gloriae</span> <span class='ocrx_word' id='word_1_290' title='bbox 986 3172 1087 3238; x_wconf 83' lang='lat' dir='ltr'>praeter</span> <span class='ocrx_word' id='word_1_291' title='bbox 1099 3172 1218 3220; x_wconf 83' lang='lat' dir='ltr'>caeteras</span> 
     </span>
     <span class='ocr_line' id='line_1_37' title="bbox 232 3240 1217 3313; baseline 0.001 -18"><span class='ocrx_word' id='word_1_292' title='bbox 232 3250 341 3313; x_wconf 76' lang='lat' dir='ltr'>gentes,</span> <span class='ocrx_word' id='word_1_293' title='bbox 354 3249 437 3313; x_wconf 90' lang='lat' dir='ltr'>atque</span> <span class='ocrx_word' id='word_1_294' title='bbox 447 3240 521 3297; x_wconf 87' lang='lat' dir='ltr'>avidi</span> <span class='ocrx_word' id='word_1_295' title='bbox 537 3241 629 3297; x_wconf 85' lang='lat' dir='ltr'>laudis</span> <span class='ocrx_word' id='word_1_296' title='bbox 641 3242 743 3311; x_wconf 81' lang='lat' dir='ltr'>fuistis,</span> <span class='ocrx_word' id='word_1_297' title='bbox 755 3241 878 3298; x_wconf 91' lang='lat' dir='ltr'>delenda</span> <span class='ocrx_word' id='word_1_298' title='bbox 888 3241 967 3298; x_wconf 88' lang='lat' dir='ltr'>vobis</span> <span class='ocrx_word' id='word_1_299' title='bbox 980 3252 1023 3299; x_wconf 91' lang='lat' dir='ltr'>est</span> <span class='ocrx_word' id='word_1_300' title='bbox 1034 3242 1083 3298; x_wconf 90' lang='lat' dir='ltr'>illa</span> <span class='ocrx_word' id='word_1_301' title='bbox 1093 3241 1217 3310; x_wconf 87' lang='lat' dir='ltr'>macula,</span> 
     </span>
     <span class='ocr_line' id='line_1_38' title="bbox 232 3316 1218 3396; baseline 0.002 -23"><span class='ocrx_word' id='word_1_302' title='bbox 232 3316 431 3374; x_wconf 89' lang='lat' dir='ltr'>Mithridatico</span> <span class='ocrx_word' id='word_1_303' title='bbox 450 3318 525 3375; x_wconf 89' lang='lat' dir='ltr'>bello</span> <span class='ocrx_word' id='word_1_304' title='bbox 539 3319 682 3393; x_wconf 87' lang='lat' dir='ltr'>superiore</span> <span class='ocrx_word' id='word_1_305' title='bbox 701 3331 848 3395; x_wconf 88' lang='lat' dir='ltr'>suscepta;</span> <span class='ocrx_word' id='word_1_306' title='bbox 870 3339 933 3395; x_wconf 84' lang='lat' dir='ltr'>quae</span> <span class='ocrx_word' id='word_1_307' title='bbox 947 3321 1060 3396; x_wconf 87' lang='lat' dir='ltr'>penitus</span> <span class='ocrx_word' id='word_1_308' title='bbox 1071 3320 1130 3396; x_wconf 89' lang='lat' dir='ltr'>jam</span> <span class='ocrx_word' id='word_1_309' title='bbox 1146 3319 1218 3376; x_wconf 91' lang='lat' dir='ltr'>inse·</span> 
     </span>
     <span class='ocr_line' id='line_1_39' title="bbox 232 3395 1216 3473; baseline 0.001 -22"><span class='ocrx_word' id='word_1_310' title='bbox 232 3397 274 3452; x_wconf 89' lang='lat' dir='ltr'>dit</span> <span class='ocrx_word' id='word_1_311' title='bbox 289 3405 372 3469; x_wconf 89' lang='lat' dir='ltr'>atque</span> <span class='ocrx_word' id='word_1_312' title='bbox 387 3395 554 3453; x_wconf 86' lang='lat' dir='ltr'>inveteravit</span> <span class='ocrx_word' id='word_1_313' title='bbox 568 3397 597 3452; x_wconf 93' lang='lat' dir='ltr'>in</span> <span class='ocrx_word' id='word_1_314' title='bbox 612 3398 707 3473; x_wconf 89' lang='lat' dir='ltr'>popuii</span> <span class='ocrx_word' id='word_1_315' title='bbox 729 3397 855 3455; x_wconf 87' lang='lat' dir='ltr'>Romani</span> <span class='ocrx_word' id='word_1_316' title='bbox 876 3399 1008 3456; x_wconf 89' lang='lat' dir='ltr'>nomine:</span> <span class='ocrx_word' id='word_1_317' title='bbox 1029 3398 1106 3473; x_wconf 78' lang='lat' dir='ltr'>quod</span> <span class='ocrx_word' id='word_1_318' title='bbox 1121 3399 1155 3468; x_wconf 91' lang='lat' dir='ltr'>is,</span> <span class='ocrx_word' id='word_1_319' title='bbox 1169 3397 1216 3473; x_wconf 91' lang='lat' dir='ltr'>qui</span> 
     </span>
     <span class='ocr_line' id='line_1_40' title="bbox 232 3474 1218 3551; baseline 0.002 -21"><span class='ocrx_word' id='word_1_320' title='bbox 232 3493 290 3532; x_wconf 90' lang='lat' dir='ltr'>uno</span> <span class='ocrx_word' id='word_1_321' title='bbox 310 3475 366 3544; x_wconf 91' lang='lat' dir='ltr'>die,</span> <span class='ocrx_word' id='word_1_322' title='bbox 381 3474 439 3532; x_wconf 73' lang='lat' dir='ltr'>tota</span> <span class='ocrx_word' id='word_1_323' title='bbox 455 3475 536 3546; x_wconf 71' lang='lat' dir='ltr'>Asia,</span> <span class='ocrx_word' id='word_1_324' title='bbox 551 3485 592 3532; x_wconf 90' lang='lat' dir='ltr'>tot</span> <span class='ocrx_word' id='word_1_325' title='bbox 612 3475 642 3532; x_wconf 91' lang='lat' dir='ltr'>in</span> <span class='ocrx_word' id='word_1_326' title='bbox 663 3476 836 3548; x_wconf 88' lang='lat' dir='ltr'>civitatibus,</span> <span class='ocrx_word' id='word_1_327' title='bbox 851 3496 909 3535; x_wconf 90' lang='lat' dir='ltr'>uno</span> <span class='ocrx_word' id='word_1_328' title='bbox 929 3478 1039 3547; x_wconf 91' lang='lat' dir='ltr'>nuntio,</span> <span class='ocrx_word' id='word_1_329' title='bbox 1055 3488 1139 3551; x_wconf 91' lang='lat' dir='ltr'>atque</span> <span class='ocrx_word' id='word_1_330' title='bbox 1160 3476 1218 3532; x_wconf 75' lang='lat' dir='ltr'>und</span> 
     </span>
    </p>

    <p class='ocr_par' dir='ltr' id='par_1_12' title="bbox 179 3553 1220 3948">
     <span class='ocr_line' id='line_1_41' title="bbox 179 3553 1218 3630; baseline 0.001 -21"><span class='ocrx_word' id='word_1_331' title='bbox 179 3558 214 3609; x_wconf 86' lang='grc'>40</span> <span class='ocrx_word' id='word_1_332' title='bbox 232 3553 377 3610; x_wconf 88' lang='lat' dir='ltr'>literarum</span> <span class='ocrx_word' id='word_1_333' title='bbox 399 3553 619 3630; x_wconf 84' lang='lat' dir='ltr'>significatione,</span> <span class='ocrx_word' id='word_1_334' title='bbox 640 3555 718 3612; x_wconf 90' lang='lat' dir='ltr'>cives</span> <span class='ocrx_word' id='word_1_335' title='bbox 739 3554 887 3613; x_wconf 87' lang='lat' dir='ltr'>Romanos</span> <span class='ocrx_word' id='word_1_336' title='bbox 907 3557 1053 3613; x_wconf 90' lang='lat' dir='ltr'>necandos</span> <span class='ocrx_word' id='word_1_337' title='bbox 1073 3556 1218 3613; x_wconf 88' lang='lat' dir='ltr'>trucidan-</span> 
     </span>
     <span class='ocr_line' id='line_1_42' title="bbox 232 3631 1218 3710; baseline 0.003 -23"><span class='ocrx_word' id='word_1_338' title='bbox 232 3632 338 3706; x_wconf 92' lang='lat' dir='ltr'>dosque</span> <span class='ocrx_word' id='word_1_339' title='bbox 353 3631 506 3704; x_wconf 90' lang='lat' dir='ltr'>denotavit,</span> <span class='ocrx_word' id='word_1_340' title='bbox 521 3653 578 3691; x_wconf 90' lang='lat' dir='ltr'>non</span> <span class='ocrx_word' id='word_1_341' title='bbox 599 3633 684 3691; x_wconf 78' lang='lat' dir='ltr'>modo</span> <span class='ocrx_word' id='word_1_342' title='bbox 707 3635 801 3691; x_wconf 91' lang='lat' dir='ltr'>adhuc</span> <span class='ocrx_word' id='word_1_343' title='bbox 821 3654 934 3710; x_wconf 88' lang='lat' dir='ltr'>poenam</span> <span class='ocrx_word' id='word_1_344' title='bbox 955 3635 1073 3705; x_wconf 88' lang='lat' dir='ltr'>nullam,</span> <span class='ocrx_word' id='word_1_345' title='bbox 1088 3654 1140 3691; x_wconf 91' lang='lat' dir='ltr'>suo</span> <span class='ocrx_word' id='word_1_346' title='bbox 1157 3633 1218 3709; x_wconf 88' lang='lat' dir='ltr'>dig-</span> 
     </span>
     <span class='ocr_line' id='line_1_43' title="bbox 231 3710 1218 3789; baseline 0.001 -23"><span class='ocrx_word' id='word_1_347' title='bbox 231 3728 298 3766; x_wconf 89' lang='lat' dir='ltr'>nam</span> <span class='ocrx_word' id='word_1_348' title='bbox 313 3710 431 3782; x_wconf 89' lang='lat' dir='ltr'>scelere,</span> <span class='ocrx_word' id='word_1_349' title='bbox 447 3713 582 3788; x_wconf 88' lang='lat' dir='ltr'>suscepit,</span> <span class='ocrx_word' id='word_1_350' title='bbox 594 3713 644 3769; x_wconf 89' lang='lat' dir='ltr'>sed</span> <span class='ocrx_word' id='word_1_351' title='bbox 660 3713 696 3769; x_wconf 92' lang='lat' dir='ltr'>ab</span> <span class='ocrx_word' id='word_1_352' title='bbox 711 3713 759 3770; x_wconf 90' lang='lat' dir='ltr'>illo</span> <span class='ocrx_word' id='word_1_353' title='bbox 773 3723 897 3789; x_wconf 91' lang='lat' dir='ltr'>tempore</span> <span class='ocrx_word' id='word_1_354' title='bbox 909 3732 1016 3770; x_wconf 89' lang='lat' dir='ltr'>annum</span> <span class='ocrx_word' id='word_1_355' title='bbox 1028 3712 1088 3788; x_wconf 88' lang='lat' dir='ltr'>jam</span> <span class='ocrx_word' id='word_1_356' title='bbox 1102 3712 1218 3769; x_wconf 90' lang='lat' dir='ltr'>tertium</span> 
     </span>
     <span class='ocr_line' id='line_1_44' title="bbox 232 3787 1218 3867; baseline 0.002 -24"><span class='ocrx_word' id='word_1_357' title='bbox 232 3797 261 3843; x_wconf 90' lang='lat' dir='ltr'>et</span> <span class='ocrx_word' id='word_1_358' title='bbox 279 3787 446 3845; x_wconf 89' lang='lat' dir='ltr'>vicesimum</span> <span class='ocrx_word' id='word_1_359' title='bbox 467 3801 569 3865; x_wconf 87' lang='lat' dir='ltr'>regnat</span> <span class='ocrx_word' id='word_1_360' title='bbox 579 3811 586 3861; x_wconf 92' lang='grc'><strong>;</strong></span> <span class='ocrx_word' id='word_1_361' title='bbox 608 3801 637 3848; x_wconf 91' lang='lat' dir='ltr'>et</span> <span class='ocrx_word' id='word_1_362' title='bbox 651 3791 691 3848; x_wconf 90' lang='lat' dir='ltr'>ita</span> <span class='ocrx_word' id='word_1_363' title='bbox 705 3801 815 3867; x_wconf 86' lang='lat' dir='ltr'>regnat,</span> <span class='ocrx_word' id='word_1_364' title='bbox 831 3803 862 3848; x_wconf 91' lang='lat' dir='ltr'>ut</span> <span class='ocrx_word' id='word_1_365' title='bbox 882 3812 913 3849; x_wconf 90' lang='lat' dir='ltr'>se</span> <span class='ocrx_word' id='word_1_366' title='bbox 934 3811 991 3849; x_wconf 91' lang='lat' dir='ltr'>non</span> <span class='ocrx_word' id='word_1_367' title='bbox 1009 3791 1110 3864; x_wconf 87' lang='lat' dir='ltr'>Ponto,</span> <span class='ocrx_word' id='word_1_368' title='bbox 1125 3809 1218 3865; x_wconf 85' lang='lat' dir='ltr'>neque</span> 
     </span>
     <span class='ocr_line' id='line_1_45' title="bbox 232 3865 1220 3948; baseline 0.003 -26"><span class='ocrx_word' id='word_1_369' title='bbox 232 3865 422 3939; x_wconf 76' lang='lat' dir='ltr'>Cappadocia</span> <span class='ocrx_word' id='word_1_370' title='bbox 443 3867 569 3941; x_wconf 91' lang='lat' dir='ltr'>latebris,</span> <span class='ocrx_word' id='word_1_371' title='bbox 589 3870 737 3928; x_wconf 89' lang='lat' dir='ltr'>occultare</span> <span class='ocrx_word' id='word_1_372' title='bbox 757 3870 834 3941; x_wconf 81' lang='lat' dir='ltr'>velit,</span> <span class='ocrx_word' id='word_1_373' title='bbox 851 3872 902 3928; x_wconf 89' lang='lat' dir='ltr'>sed</span> <span class='ocrx_word' id='word_1_374' title='bbox 922 3889 1070 3948; x_wconf 85' lang='lat' dir='ltr'>emergere</span> <span class='ocrx_word' id='word_1_375' title='bbox 1091 3891 1108 3929; x_wconf 92' lang='lat' dir='ltr'>e</span> <span class='ocrx_word' id='word_1_376' title='bbox 1127 3868 1220 3947; x_wconf 84' lang='lat' dir='ltr'>patrio</span> 
     </span>
    </p>
   </div>
   <div class='ocr_carea' id='block_1_3' title="bbox 0 0 1392 4425">
    <p class='ocr_par' dir='ltr' id='par_1_13' title="bbox 0 0 1392 4425">
     <span class='ocr_line' id='line_1_46' title="bbox 0 0 1392 4425; baseline 0 1"><span class='ocrx_word' id='word_1_377' title='bbox 0 0 1392 4425; x_wconf 95' lang='lat' dir='ltr'> </span> 
     </span>
    </p>
   </div>
  </div>
 </body>
</html>
