2775 4425
363 375 501 425 ORATIO
524 377 593 427 PRO
617 377 647 428 T.
670 377 786 428 ANNIO
808 377 958 429 MILONE.
1152 381 1209 441 123

160 520 245 576 claro
259 530 356 576 motu:
378 518 433 576 nisi
456 517 527 578 sorte
544 521 653 580 idcirco
666 541 730 580 esse
752 542 810 580 uon
824 532 935 598 putant,
950 521 1089 598 quianon
1112 543 1159 600 ap·

161 607 255 673 paret,
271 618 327 656 nec
348 599 493 656 cernitur:
514 600 633 676 proinde
655 601 737 676 quasi
762 612 887 660 nostram
909 603 999 680 ipsam
1020 614 1157 673 mentem,

163 677 222 750 qual
237 678 374 752 sapimus,
388 679 445 753 qud
458 679 649 754 providemus,
664 681 722 756 qud
737 682 800 738 brec
815 680 877 756 ipsa
898 683 1011 758 agimus
1032 699 1067 738 ac
1086 681 1158 738 dici·

164 773 240 825 mus,
255 756 362 827 videre,
378 765 427 813 aut
450 755 545 832 plane,
568 759 661 834 qualis
686 772 736 815 aut
749 759 799 816 ubi
821 759 867 829 sit,
882 760 988 818 sentire
1008 760 1155 836 possimus.

165 833 212 890 Ea
232 834 285 905 ris,
300 853 334 891 ea
358 845 402 892 est
424 835 510 912 igitur
525 837 596 914 ipsa,
617 856 680 912 que
702 857 777 914 sepe
798 837 983 896 incredibiles
1003 838 1072 896 lruic
1093 839 1155 897 urbi
1187 843 1207 896 5

165 913 319 970 felicitates
335 925 419 989 atque
432 933 500 990 opes
515 917 618 987 attulit,
632 935 696 992 qum
711 915 788 974 illam
802 917 960 993 perniciem
974 917 1108 974 exstinxit
1122 937 1156 976 ac

165 991 296 1062 sustulit;
319 991 366 1049 cui
381 993 504 1070 primum
520 1005 645 1052 mentem
670 994 780 1070 injecit,
794 1005 826 1052 ut
839 995 867 1052 ri
889 995 1010 1066 irritare,
1026 996 1156 1071 ferroque

164 1070 319 1142 lacessere,
348 1071 530 1129 fortissimum
552 1074 644 1131 virum
666 1074 794 1144 auderet,
814 1074 1034 1148 vincereturque
1054 1075 1092 1131 ab
1111 1095 1155 1146 eo,

165 1168 252 1222 quem
273 1150 297 1206 si
318 1149 442 1220 vicisset,
467 1151 617 1210 habiturus
643 1162 720 1210 esset
741 1152 939 1229 impunitatem
959 1164 988 1210 et
1008 1153 1154 1211 licentiam

164 1229 378 1304 sempiternam.
419 1227 487 1287 Non
501 1241 544 1288 est
556 1232 681 1288 humano
689 1231 818 1303 consilio,
829 1251 867 1290 ne
881 1231 1018 1290 mediocri
1028 1233 1154 1308 quidem,
1171 1245 1205 1298 10

118 1305 122 1314 '
170 1307 296 1382 judices,
313 1307 439 1364 Deorum
455 1309 657 1368 immortalium
679 1311 760 1380 cura,
775 1330 821 1368 res
835 1310 884 1368 illa
897 1311 1033 1387 perlecta
1075 1311 1156 1368 Reli·

163 1386 266 1462 giones
281 1385 474 1466 (mehercule)
490 1388 566 1465 ipsas,
581 1407 644 1464 quae
659 1388 738 1446 illam
753 1389 879 1446 belluam
893 1389 998 1448 cadere
1012 1390 1154 1460 viderunt,

164 1465 326 1524 commbsse
341 1485 371 1523 se
395 1465 536 1538 ridentur,
558 1479 587 1524 et
606 1467 653 1543 jus
676 1467 706 1525 in
721 1467 770 1525 illo
789 1486 873 1524 suum
893 1467 1055 1525 retinuisse.
1095 1469 1156 1526 Vos

163 1545 243 1602 enim
261 1545 332 1620 jam,
358 1545 465 1602 Albani
487 1547 589 1604 tumuli
614 1558 700 1620 atque
720 1546 789 1617 luci,
810 1565 868 1617 ros,
890 1545 1018 1620 inquam,
1039 1546 1156 1622 imploro

164 1633 251 1697 atque
266 1635 362 1695 testor,
378 1643 492 1699 rosque,
508 1626 686 1684 Albanorum
699 1626 810 1683 obrutae
825 1645 891 1696 arte,
901 1643 1046 1682 sacrorum
1060 1625 1154 1702 populi
1171 1633 1205 1686 15

163 1701 293 1760 Romani
308 1703 393 1761 sociae
414 1714 443 1761 et
457 1705 590 1779 aquales,
611 1724 682 1780 quas
701 1705 760 1774 ille,
774 1723 900 1781 preceps
921 1704 1057 1774 amentid,
1072 1705 1155 1762 cesis

162 1781 368 1857 prostratisque
388 1783 577 1840 sanctissimis
597 1784 680 1855 lucis,
708 1784 953 1841 substructionum
974 1784 1083 1841 insanis
1097 1803 1155 1842 mo-

162 1860 240 1918 libus
252 1873 446 1939 oppresserat;
468 1873 567 1920 vestrae
587 1871 648 1920 tum
674 1882 740 1934 ara,
755 1873 855 1921 restra
876 1863 1039 1940 religiones,
1057 1863 1155 1940 rigue-

162 1951 246 2010 runt;
269 1941 425 1998 vestratis
453 1941 553 2012 valuit,
579 1961 665 2018 quam
687 1942 735 2000 ille
762 1943 840 2001 omni
868 1943 977 2000 scelere
996 1942 1152 2018 polluerat;

162 2029 262 2096 tuque,
277 2039 312 2076 ex
327 2030 376 2078 tuo
389 2020 465 2078 edito
479 2030 585 2092 monte,
599 2021 725 2078 Latiaris
745 2033 845 2078 sancte
865 2021 987 2097 Jupiter,
1003 2022 1085 2096 cujus
1105 2023 1153 2080 ille
1167 2037 1203 2090 ω

163 2098 255 2168 lacus,
270 2117 396 2170 nemora,
412 2099 549 2175 finesque,
564 2119 638 2176 saepe
658 2099 738 2158 omni
753 2100 863 2157 nefario
876 2109 973 2174 stupro
993 2110 1023 2155 et
1044 2099 1154 2157 scelere

162 2178 334 2250 macularat,
357 2177 509 2255 aliquando
533 2179 569 2237 ad
591 2197 656 2237 eum
680 2178 859 2256 puniendum
878 2178 977 2236 oculos
1001 2179 1152 2253 aperuisti:

161 2258 243 2314 robis
258 2258 323 2329 illae,
337 2259 417 2315 vobis
432 2269 524 2317 vestro
545 2258 575 2316 in
598 2269 765 2335 conspectu,
787 2276 869 2326 serre,
891 2257 942 2313 sed
953 2256 1037 2332 jrrstae
1057 2268 1155 2314 tamen

163 2337 321 2407 etdebitae‚
349 2356 439 2413 poenae
460 2339 558 2395 solutae
579 2348 653 2395 sunt.
697 2334 763 2394 Nisi
792 2334 864 2393 forte
886 2336 940 2393 hoc
967 2336 1055 2392 etiam
1084 2354 1154 2392 casu

164 2416 273 2472 factum
287 2435 351 2472 esse
365 2417 504 2487 dicemus,
520 2428 561 2487 ut,
577 2428 643 2474 ante
667 2416 760 2491 ipsum
784 2415 943 2472 sacrarium
965 2413 1051 2472 Bonae
1072 2414 1153 2485 Deae,
1166 2424 1202 2477 25

163 2495 239 2568 quod
253 2505 297 2551 est
311 2496 341 2551 in
356 2495 444 2553 fundo
457 2495 494 2553 Τ.
511 2495 602 2553 Sextii
616 2495 704 2566 Galli,
719 2496 749 2552 in
763 2495 863 2571 primis
884 2494 995 2551 honesti
1016 2504 1046 2551 et
1059 2496 1153 2552 ornati

164 2573 365 2645 adolescentis,
381 2586 447 2632 ante
461 2575 562 2651 ipsam,
577 2574 704 2649 inquam,
719 2575 829 2633 Bonam
849 2574 953 2644 Deam,
968 2572 1037 2631 clun
1060 2574 1153 2651 proeli·

163 2670 210 2708 um
227 2653 427 2724 commisisset,
441 2652 564 2729 primum
587 2653 657 2710 illud
682 2654 784 2712 vulnus
798 2655 952 2730 acciperet,
968 2672 1024 2728 quo
1042 2654 1153 2711 teterri-

162 2750 238 2787 mam
260 2742 381 2789 mortem
411 2732 520 2802 obiret;
542 2741 573 2790 ut
593 2752 650 2790 non
672 2734 817 2790 absolutus
841 2733 952 2808 judicio
972 2732 1021 2790 illo
1041 2732 1153 2790 nefario

162 2810 317 2880 videretur,
332 2811 383 2869 sed
399 2811 434 2868 ad
449 2812 524 2869 hanc
539 2812 680 2888 insignem
694 2830 809 2887 poenam
823 2822 993 2869 reservatus.
1164 2818 1201 2870 30

201 2889 337 2947 XXXII.
360 2889 426 2947 Nec
440 2888 507 2948 verb
521 2910 577 2948 non
593 2891 694 2948 eadem
709 2891 753 2947 ira
766 2890 892 2947 Deorum
905 2890 980 2946 hanc
994 2888 1056 2962 ejus
1069 2890 1152 2945 satel-

161 2968 260 3025 litibus
282 2968 381 3044 injecit
412 2969 576 3039 amentiam,
605 2980 646 3040 ut,
675 2969 738 3026 sine
768 2967 953 3043 imaginibus,
980 2966 1043 3021 sine
1064 2976 1151 3022 cantu

163 3058 248 3121 atque
262 3048 348 3118 ludis,
362 3048 425 3105 sinc
439 3049 591 3121 exsequiis,
606 3048 668 3105 sine
688 3045 832 3113 lamentis,
847 3044 909 3100 sine
928 3042 1151 3112 laudationibus,

162 3126 223 3183 sine
245 3128 355 3197 funere,
370 3128 474 3184 oblitus
496 3146 597 3184 cruore
624 3136 653 3183 et
672 3126 742 3194 luto,
767 3122 903 3198 spoliatus
930 3120 1006 3177 illius
1027 3121 1150 3194 supremi

162 3204 219 3262 diei
234 3206 402 3263 celebritate
417 3224 501 3280 quam
517 3205 677 3263 concedere
698 3203 785 3259 etiam
807 3199 916 3258 inimici
938 3200 1038 3268 solent,
1054 3199 1152 3254 ambu·
1164 3202 1200 3254 35

160 3295 271 3341 reretur
287 3286 423 3361 abjectus.
465 3283 531 3342 Non
556 3283 642 3341 luisse
663 3282 751 3339 credo
772 3281 825 3351 fas,
840 3279 1062 3337 clarissimorum
1080 3277 1152 3333 viro-

160 3382 223 3419 rum
246 3363 351 3422 formas
372 3363 413 3421 illi
433 3363 579 3420 teterrimo
598 3360 748 3437 parricide
770 3358 877 3434 aliquid
904 3358 1017 3416 decoris
1038 3356 1150 3425 afferre,

160 3460 255 3515 neque
270 3442 328 3500 ullo
342 3443 372 3499 in
386 3442 449 3500 loco
462 3440 556 3518 potius
570 3451 689 3498 mortem
704 3439 766 3516 ejus
785 3438 917 3509 lacerari,
938 3434 1025 3513 quam
1045 3435 1075 3491 in
1094 3453 1152 3509 quo

156 3521 218 3577 ‘vita
233 3532 309 3578 esset
330 3523 474 3579 damnata,
702 3555 706 3560 ·

200 3599 283 3657 Dora
296 3600 367 3657 mihi
384 3598 510 3676 (medius
523 3598 621 3674 fidius)
641 3596 701 3673 jam
721 3596 834 3653 fortuna
853 3594 948 3672 populi
963 3590 1100 3661 Romani,
1121 3602 1151 3649 et
1163 3604 1199 3655 40

159 3680 295 3750 crudelis,
310 3679 470 3748 ridebatur,
485 3696 547 3752 que
562 3686 603 3733 tot
618 3695 708 3733 annos
722 3674 801 3731 illum
817 3676 845 3731 in
857 3676 932 3731 hanc
942 3670 1149 3759 rempublicam

159 3758 298 3815 insultare
313 3758 422 3815 rideret
435 3768 464 3814 et
477 3766 628 3832 pateretur.
671 3754 815 3810 Polluerat
835 3763 932 3827 stupro
951 3752 1148 3807 sanctissimas

158 3837 331 3912 religiones:
353 3836 470 3893 senatus
488 3834 655 3911 gravissima
670 3832 786 3888 decreta
809 3830 1002 3907 perfregerat:
1024 3830 1148 3907 pecunia

158 3935 189 3973 se
212 3915 309 3993 palam
324 3934 341 3973 a
358 3915 505 3993 judicibus
529 3914 706 3971 redemerat:
728 3910 843 3967 vexarat
860 3910 890 3968 in
904 3910 1051 3969 tribunatu
1064 3926 1147 3968 seua·
