2775 4425
174 342 214 401 52
451 337 587 387 onusto
610 338 679 387 rao
703 338 801 387 saca
822 335 990 387 ιιιιιιιιι.

223 502 290 557 pore
317 480 412 539 lucem
440 481 541 538 afferre
568 481 733 557 reipublice
761 481 861 557 potuit,
889 490 921 537 ut
954 499 1012 550 vos,
1046 478 1095 554 qui
1128 479 1217 539 modo

225 572 290 618 ante
306 562 409 617 ostium
432 560 605 617 Tiberinum
628 560 749 619 classem
772 562 896 617 hostium
917 558 1068 629 videbatis,
1091 559 1111 615 ii
1132 578 1216 616 nunc
1270 605 1276 613 .

224 640 332 697 nullam
355 639 429 697 intra
450 638 563 695 Oceani
585 640 688 697 ostium
710 639 876 715 praedonum
898 657 1001 696 navem
1022 657 1086 694 esse
1114 639 1215 694 audia-

223 719 279 775 tisl
322 719 427 793 Atque,
443 718 506 774 haeo
519 718 575 792 quai
589 718 738 775 celeritate
758 728 840 793 gesta
860 721 928 788 sint,
949 734 1114 791 quanquam
1135 717 1214 772 ride-

190 797 269 867 stis,
292 806 388 853 tamen
411 814 427 853 a
449 815 495 853 me
517 797 547 853 in
570 796 694 853 dicendo
714 796 914 872 praetereunda
938 814 996 852 uon
1018 805 1092 851 sunt.
1133 794 1213 855 Quis

223 876 301 933 enim
315 894 451 950 unquam,
467 884 516 931 aut
528 876 653 933 obeundi
668 876 776 951 negotii
799 885 848 932 aut
870 874 1064 948 consequendi
1085 873 1212 948 quaestirs

223 955 326 1025 studio,
341 964 399 1011 tarn
410 953 487 1011 brevi
501 964 636 1029 ternpore,
651 964 692 1012 tot
712 954 777 1011 loca
799 953 888 1024 adire,
901 963 995 1010 tantos
1009 971 1111 1009 cursus
1124 952 1212 1009 confi-

223 1052 299 1103 cere,
313 1033 414 1108 potuit,
428 1029 514 1107 quam
529 1032 670 1103 celeriter,
685 1032 741 1089 Cn.
755 1032 892 1107 Pompeio
905 1033 990 1101 duce,
1005 1031 1073 1087 belli
1088 1031 1211 1105 impetus

223 1112 386 1188 navigavitl
407 1111 465 1186 qui,
481 1111 607 1167 nondum
621 1111 789 1187 tempestivo
803 1112 839 1167 ad
853 1110 1047 1186 navigandum
1068 1110 1150 1179 mari,
1166 1110 1212 1166 Si·

177 1190 208 1247 10
224 1192 320 1249 ciliam
336 1190 415 1260 adiit,
430 1190 561 1247 Africam
575 1190 746 1265 exploravit3
768 1190 835 1247 inde
857 1189 1022 1246 Sardiniam
1036 1206 1103 1244 carn
1118 1188 1211 1245 classe

223 1272 316 1339 renit3
339 1279 423 1343 atque
438 1270 500 1325 haec
514 1269 569 1325 tria
583 1268 769 1325 frumentaria
782 1269 911 1325 subsidia
931 1266 1096 1343 reipublicae
1110 1266 1212 1323 firmis·

223 1348 303 1405 simis
317 1348 456 1424 praesidns
465 1347 661 1421 classibusque
675 1347 804 1405 munivit.
846 1344 960 1403 lnde
928 1366 995 1403 curn
1010 1346 1080 1403 sein
1095 1344 1210 1401 Italiam

224 1428 388 1504 recepisset,
403 1428 515 1484 duabus
530 1426 682 1517 Hispaniis
699 1437 728 1484 et
741 1425 837 1483 Gallia
851 1425 1000 1500 Cisalpina
1014 1424 1154 1513 presidiis
1174 1442 1212 1512 ao

224 1508 344 1563 navibus
366 1506 544 1576 confirmati,
559 1505 653 1562 missis
675 1506 743 1563 item
766 1506 795 1562 in
809 1523 888 1562 oram
903 1503 1012 1579 lllyrici
1026 1503 1122 1573 maris,
1136 1512 1165 1559 et
1180 1501 1211 1560 in

176 1590 209 1645 15
224 1586 369 1643 Achaiam
395 1604 566 1659 omnemque
587 1584 742 1655 Graeciam,
764 1584 895 1653 navibus,
917 1582 1009 1640 Italiae
1036 1583 1093 1639 duo
1119 1582 1213 1639 maria

224 1664 356 1721 maximis
383 1664 523 1720 classibus
550 1630 776 1737 firmissimisque
797 1628 938 1738 presidiis
963 1660 1156 1718 adornavit:
1149 1680 1212 1735 ipse

225 1753 331 1811 autem,
346 1752 377 1798 ut
392 1760 409 1797 a
422 1741 576 1799 Brundisio
596 1741 740 1815 profectus
762 1753 815 1811 est,
830 1739 1144 1815 undequinquagesimo
1162 1740 1213 1796 die

223 1829 312 1875 totam
328 1819 384 1875 ad'
378 1820 528 1894 imperium
542 1820 636 1894 populi
652 1819 778 1877 Romani
793 1820 928 1877 Ciliciam
941 1819 1085 1894 adjunxit:
1099 1836 1211 1888 omnes,

224 1898 272 1971 qui
288 1896 392 1985 ubique
406 1898 552 1987 praedones
567 1898 690 1968 suerunt,
705 1899 808 1974 partim
829 1898 904 1974 capti
919 1897 1120 1971 interfectique
1133 1906 1211 1966 sunt,

174 1987 210 2041 20
224 1974 326 2051 partim
342 1974 426 2033 unius
441 1975 545 2051 hujus'
539 1977 656 2052 imperio
671 1995 705 2034 ac
719 1977 850 2053 potestati
864 1996 896 2034 sc
906 1977 1085 2035 dediderunt.
1127 1941 1211 2032 Ideni

224 2055 422 2125 Cretensibus,
437 2052 504 2112 cum
519 2056 555 2113 ad
570 2075 636 2113 eum
651 2076 741 2131 usqne
762 2057 791 2113 in
814 2055 1010 2131 Pamphyliam
1033 2054 1142 2129 legatos
1162 2054 1211 2110 de-

224 2144 442 2226 precatoresque
464 2135 618 2205 misissent,
641 2155 720 2211 spem
741 2134 895 2193 deditionis
917 2155 976 2193 non
1000 2133 1116 2203 ademit,
1136 2133 1212 2190 obsi-

224 2215 352 2290 desque
345 2226 502 2310 imperavit.
544 2216 591 2272 lta
611 2226 723 2274 tantum
746 2216 863 2285 bellum,
877 2225 936 2271 tarn
958 2178 1136 2282 diuturnum,
1151 2222 1209 2268 tam

223 2293 309 2371 longe
325 2293 440 2369 lateque
454 2295 623 2369 dispersum,
638 2313 694 2368 quo
708 2294 783 2352 bello
795 2313 895 2351 omnes
908 2303 1010 2370 gentes
1026 2311 1061 2349 ac
1079 2291 1210 2348 nationes

174 2383 210 2436 25
224 2374 435 2449 premebantur,
450 2373 504 2430 Cn
517 2374 670 2448 Pompeius
683 2373 810 2430 extrema
825 2373 920 2430 hieme
929 2371 1083 2449 apparant
1093 2370 1210 2427 ineunte

224 2471 290 2508 vere
304 2452 438 2526 suscepit,
454 2451 550 2508 media
564 2462 661 2508 estate
676 2453 809 2509 coniecit.

263 2528 352 2585 XIII.
388 2529 440 2585 Est
454 2528 517 2585 haec
530 2529 628 2586 divina
642 2541 727 2605 atque
751 2529 930 2588 incredibilis
949 2528 1040 2586 virtus
1062 2527 1211 2603 imperato·

224 2606 272 2664 ris.
313 2606 396 2667 Quid
411 2617 532 2677 caeterae,
546 2625 617 2682 quas
631 2608 717 2684 paulo
733 2608 800 2666 ante
817 2625 1042 2666 commemorare
1055 2624 1208 2682 ceperam,

223 2694 341 2773 quantor
352 2696 436 2760 atque
450 2683 535 2761 quam
550 2687 647 2744 multae
662 2689 744 2745 sunt!
785 2686 853 2744 Non
875 2688 952 2744 enirn
974 2683 1067 2743 solirm
1082 2685 1208 2742 bellandi

174 2776 210 2830 30
224 2763 313 2820 virtus
334 2762 364 2820 in
391 2783 502 2823 summo
524 2775 608 2840 atque
629 2767 756 2842 perfecto
782 2766 951 2842 imperatore
977 2765 1132 2853 querenda
1150 2773 1209 2833 est;

224 2842 274 2898 sed
288 2842 384 2900 multae
407 2853 473 2901 sunt
487 2855 563 2902 artes
583 2845 706 2916 eximias,
729 2844 814 2919 hujus
837 2845 1012 2901 administrae
1034 2843 1211 2917 comitesque

224 2921 346 2980 virtutis.
388 2922 446 2994 Ac,
461 2922 595 3000 primum,
609 2924 717 3000 quanta
739 2923 904 2981 innocentia
926 2923 1032 2980 debent
1044 2940 1109 2979 esse
1123 2921 1211 2996 impe·

223 3001 347 3058 ratores!
382 3003 489 3076 quanta
523 3002 628 3061 deinde
660 3002 829 3061 omnibus
821 3021 851 3060 ιιι
885 3002 971 3058 rebus
1002 2999 1208 3075 temperantia!

223 3081 330 3156 quanta
344 3080 416 3138 fide!
446 3081 553 3156 quantit
575 3082 729 3140 facilitate!
750 3092 857 3156 quanto
878 3080 1010 3156 iugenio!
1031 3079 1139 3153 quanta
1160 3079 1211 3134 hu-

173 3173 209 3226 35
225 3159 377 3216 monitate!
406 3159 493 3229 Quae,
516 3160 649 3230 breviter,
670 3161 767 3250 qualia
788 3161 846 3217 sint
867 3160 896 3216 in
913 3159 969 3216 Cn
983 3157 1128 3233 Pompeio,
1144 3175 1211 3214 con·

223 3238 390 3294 sideramus
432 3205 553 3294 Suriima
582 3238 659 3294 enirn
688 3238 785 3295 omnia
813 3249 890 3309 sunt,
916 3237 1065 3299 Quirites:
1094 3236 1146 3292 sed
1174 3253 1210 3291 ea

223 3315 316 3392 magis
337 3335 372 3372 ea
390 3315 508 3372 aliorum
523 3317 716 3388 contentione,
730 3315 817 3392 quam
839 3317 901 3394 ipsa
920 3336 971 3393 per
985 3335 1058 3386 sese,
1073 3313 1209 3391 cognosci

224 3404 308 3469 atque
322 3393 443 3469 intelligi
456 3403 581 3469 possunt

261 3473 360 3562 Quem
375 3471 452 3530 enim
472 3490 621 3548 possumus
643 3472 848 3564 imperatorem
864 3473 984 3548 aliquo'
976 3491 1007 3530 ιιι
1027 3490 1148 3529 numero
1159 3488 1210 3546 pu

174 3553 209 3606 to
222 3560 294 3620 tare,
310 3551 392 3627 cujus
407 3552 436 3608 in
451 3551 579 3608 exercitu
594 3563 717 3609 veneant
738 3552 916 3610 centuriatus
940 3563 1024 3626 atque
1048 3549 1208 3607 venierintl

224 3596 294 3717 quid
320 3630 398 3688 hunc
426 3631 569 3687 hominem
598 3649 735 3706 magnum
763 3643 812 3688 aut
834 3631 958 3706 amplum
982 3632 1072 3687 dere
1094 3626 1209 3704 publica

224 3707 361 3781 cogitare,
386 3709 434 3783 qui
455 3710 619 3784 pecuniam,
641 3729 677 3766 ex
701 3710 802 3767 erario
824 3711 1018 3797 depromptam
1043 3709 1078 3764 ad
1102 3707 1209 3763 bellum

226 3784 493 3856 administrandum,
516 3798 565 3844 aut
567 3799 700 3863 ,propter
722 3789 908 3877 cupiditatem
930 3787 1093 3862 provinciae,
1108 3785 1212 3860 magis·

224 3861 346 3922 tratibus
360 3863 496 3934 diviserit,
512 3875 561 3922 aut
574 3877 685 3941 propter
701 3867 848 3923 avaritiam
871 3865 995 3923 Romre'
987 3885 1017 3923 in
1039 3874 1149 3939 quaestu
1169 3880 1212 3920 re·
