2775 4425
181 384 238 442 104
428 384 563 435 ORATIO
586 385 656 435 PRO
677 383 709 434 Τ.
731 384 847 434 ANNIO
868 384 1018 434 MILONE.

229 526 356 598 vidisset,
369 547 451 604 posse
466 528 573 586 absolvi
597 548 674 599 eum,
692 528 742 603 qni
766 529 920 599 fateretur;
941 525 1010 585 clim
1033 526 1143 585 videret
1165 547 1219 586 nos

230 605 323 675 lateri,
337 625 431 681 neque
444 607 532 682 queri
555 626 680 682 unquam
700 607 841 684 jussisset,
854 626 911 665 nec
933 607 1014 664 vobis
1034 615 1094 663 tam
1114 606 1219 663 saluta·

228 703 289 742 rem
304 686 380 743 huuc
394 685 424 742 in
435 686 593 761 judicando
607 685 730 757 literam,
745 684 831 759 quim
852 686 932 742 illam
945 685 1067 755 tristem,
1081 685 1218 742 dedisset

229 760 304 820 Mihi
320 762 386 821 verb
400 764 455 821 Cn.
477 764 630 840 Pompeius
649 785 707 822 non
727 762 813 822 modo
827 764 898 822 nihil
913 763 1028 840 gravius
1048 773 1148 820 contra
1161 763 1219 820 Mi·

192 840 322 904 slonem
347 842 504 918 judicasse,
532 843 690 900 sedetiam
717 842 851 900 statuisse
878 843 1001 913 videtur,
1029 841 1098 916 quid
1118 861 1167 900 ros
1187 843 1218 900 in

236 920 394 995 judicando
407 933 537 996 spectare
556 931 706 997 oporteret
740 921 830 992 Nam,
844 921 894 995 qui
908 940 965 978 non
978 938 1094 996 poenam
1108 921 1219 978 conses-

229 999 312 1070 sioui,
333 1001 383 1057 sed
404 1001 610 1072 defensionem,
631 1000 721 1071 dedit,
742 999 767 1057 is
792 1018 911 1056 causam
933 998 1071 1056 'interitus
1090 1018 1219 1074 quaeren-

229 1078 305 1150 dam,
320 1097 377 1135 non
398 1077 555 1149 interitum,
568 1079 686 1154 putavit.
727 1078 795 1136 lam
816 1078 887 1135 illud
906 1077 985 1136 dicet
998 1077 1058 1154 ipse
1078 1077 1217 1154 prosectd,

229 1157 304 1231 quod
318 1157 370 1214 sud
384 1167 483 1234 sponte
507 1157 586 1229 fecit,
609 1157 750 1216 Publione
772 1157 876 1215 Clodio
897 1157 1083 1214 tribuendum
1100 1158 1216 1234 poturit,

179 1239 211 1293 10
230 1254 266 1292 an
280 1237 409 1313 tempori.
1051 1283 1054 1286 «

268 1314 338 1372 VII.
379 1313 466 1372 Domi
491 1334 551 1372 suae
574 1315 768 1374 nobilissimus
794 1314 847 1386 vir,
874 1313 991 1372 senatuis
1016 1325 1217 1390 propugnator,

230 1402 324 1468 atque,
353 1393 409 1451 illis
436 1393 551 1468 quidem
578 1394 763 1470 temporibus
790 1391 864 1470 pene
885 1403 1030 1470 patronus,
1059 1393 1219 1450 avunculus

229 1473 312 1549 cujus
325 1473 414 1531 nostri
431 1472 547 1549 judicis,
562 1473 708 1532 fortissimi
728 1473 792 1543 viri,
807 1471 849 1530 Μ.
864 1472 994 1543 Catonis,
1008 1471 1140 1529 tribunus
1160 1472 1219 1548 ple·

229 1552 274 1609 bis
297 1551 338 1608 M.
364 1552 486 1623 Drusus,
506 1553 620 1610 occisus
640 1562 691 1610 est.
733 1551 815 1609 Nihil
837 1551 874 1608 de
900 1549 963 1627 ejus
982 1561 1073 1608 morte
1098 1551 1219 1627 populus

180 1629 212 1686 15
230 1630 386 1701 consultus,
407 1630 486 1688 nulla
509 1631 628 1705 quaestio
655 1632 773 1688 decreta
800 1648 817 1687 a
843 1639 946 1688 senatu
972 1639 1024 1687 est.
1064 1629 1218 1692 Quantum

229 1708 339 1766 luctum
354 1709 383 1767 in
398 1709 454 1766 hac
468 1710 539 1767 urbe
553 1710 641 1767 luisse
655 1728 672 1768 a
685 1710 790 1768 nostris
810 1709 940 1786 patribus
958 1707 1134 1784 accepimus,
1149 1707 1218 1766 olim

230 1787 262 1844 P.
286 1787 434 1857 Africano,
456 1787 533 1846 domi
554 1807 614 1847 sue
634 1788 805 1863 quiescenti,
833 1788 883 1845 ills
909 1798 1051 1846 nocturna
1073 1788 1116 1844 vis
1142 1797 1220 1845 esset

230 1865 329 1922 illatal
364 1865 443 1926 Quis
454 1875 517 1922 tum
531 1886 588 1924 non
602 1867 734 1944 gemuitl
755 1868 819 1942 quis
839 1886 897 1925 non
912 1866 981 1925 arsit
993 1866 1110 1925 dolorel
1132 1885 1219 1941 quem

229 1943 429 2015 immortalem,
457 1945 481 2002 si
508 1944 570 2003 fieri
591 1955 695 2021 posset,
716 1965 817 2005 omnus
837 1965 901 2004 esse
924 1955 1072 2022 cuperent,
1099 1945 1161 2022 ejus
1180 1965 1218 2003 ne

176 2023 212 2078 20
230 2023 424 2081 necessariam
438 2023 554 2098 quidem
568 2035 763 2101 exspectatam
777 2045 840 2084 esse
853 2025 992 2082 morteml
1033 2023 1115 2081 Num
1130 2024 1218 2100 igitur

230 2101 289 2160 ulla
303 2101 421 2176 questio
434 2103 471 2162 de
486 2103 618 2162 Africani
632 2114 724 2162 morte
746 2105 806 2162 lata
826 2105 890 2162 estl
911 2101 991 2162 certe
1005 2103 1093 2160 nulla
1133 2102 1216 2165 Quid

231 2180 290 2240 ital
312 2181 450 2257 quianon
465 2181 521 2242 ulio
543 2183 670 2243 facinore
692 2183 764 2241 clari
786 2182 926 2255 homines,
948 2182 1005 2241 ulio
1023 2181 1149 2255 obscuri,
1170 2202 1218 2241 ue·

230 2271 341 2319 cantur.
383 2262 501 2321 Intersit
530 2262 604 2322 inter
634 2263 699 2321 vitae
732 2263 901 2340 dignitatem
929 2280 1105 2320 summorum
1133 2271 1218 2336 atque

230 2339 410 2399 infimorum:
431 2360 507 2399 mors
519 2342 645 2417 quidem,
660 2342 741 2399 illata
762 2362 812 2419 per
833 2341 938 2413 scelus,
962 2340 1065 2399 iisdem
1085 2350 1115 2399 et
1126 2341 1218 2417 poenis

177 2422 213 2476 25
230 2428 361 2477 teneatur
375 2429 404 2477 et
416 2419 537 2496 legibus
579 2420 646 2479 Nisi
660 2420 732 2479 forte
753 2421 846 2497 magis
867 2419 921 2479 erit
941 2420 1096 2496 parricida,
1110 2418 1134 2477 si
1154 2419 1218 2495 quis

231 2497 410 2555 consularem
430 2510 550 2574 patrem,
571 2497 657 2573 quim
678 2500 703 2557 si
723 2500 787 2575 quis
808 2500 955 2570 humilem,
982 2498 1147 2569 necaverit;
1168 2508 1218 2556 aut

230 2595 265 2633 eo
278 2594 353 2633 mors
368 2578 489 2634 atrocior
502 2578 557 2634 erit
571 2578 603 2636 P.
618 2578 725 2650 Clodii,
739 2577 816 2653 qubd
831 2580 856 2659 l⁸
869 2578 899 2636 in
919 2577 1113 2636 monumentis
1132 2577 1217 2653 mejo-

230 2672 293 2710 rum
308 2673 423 2712 suorum
438 2655 474 2712 sit
488 2656 673 2715 interfectus:
695 2658 750 2715 hoc
763 2658 842 2716 enim
863 2676 937 2734 saepe
961 2657 998 2713 nb
1019 2656 1081 2715 istis
1101 2656 1216 2727 dicitur,

227 2732 347 2808 perinde
367 2734 448 2808 quasi
469 2734 581 2811 Appius
608 2735 656 2794 ille
676 2737 782 2795 Caecus
802 2736 878 2794 viam
901 2735 1047 2807 munierit,
1074 2755 1132 2793 non
1159 2736 1217 2811 qui

176 2810 212 2865 30
228 2810 347 2888 populus
360 2822 498 2885 uteretur,
513 2815 564 2873 sed
578 2815 628 2873 ubi
642 2814 759 2891 impune
774 2816 819 2873 sui
831 2815 937 2911 posteri
949 2814 1196 2873 latrocinarentur.

268 2890 380 2965 Itaque,
396 2892 425 2950 in
439 2892 540 2951 eidem
556 2894 610 2951 isct
634 2894 729 2970 Appii
743 2893 800 2965 vit,
815 2913 882 2953 eum
904 2893 1118 2953 ornatissimum
1138 2893 1217 2967 equi·

228 2979 286 3029 tem
301 2970 467 3030 Romanum
482 2972 514 3031 P.
529 2973 649 3032 Clodius
663 2973 706 3031 M.
730 2973 878 3050 Papirium
900 2972 1064 3043 occidisset,
1086 2992 1142 3031 non
1163 2972 1217 3030 t'uit

229 3048 300 3107 illud
314 3050 427 3109 facinus
440 3052 635 3127 puniendum:
656 3053 742 3111 homo
765 3053 841 3111 enim
866 3052 970 3110 nobilis
994 3052 1024 3111 in
1038 3051 1098 3108 suis
1117 3070 1217 3109 monu-

228 3129 333 3187 mentis
347 3131 471 3204 equitem
492 3130 658 3190 Romunum
678 3132 845 3189 occiderat:
865 3150 945 3189 nunc
964 3130 1093 3207 ejusdem
1113 3130 1215 3207 Appire

177 3209 212 3263 35
229 3226 332 3265 nomen
354 3219 476 3281 quantas
495 3210 650 3285 tragoedias
677 3210 801 3268 excitat!
842 3210 930 3281 Quae,
958 3219 1109 3267 cruentata
1129 3219 1216 3267 antea

228 3287 308 3343 caede
335 3287 446 3344 honesti
469 3297 553 3362 atque
574 3290 736 3346 innocentis
757 3289 820 3361 viri,
843 3289 990 3359 silebatur,
1010 3288 1112 3345 eadem
1137 3307 1215 3345 nunc

228 3362 330 3421 crebrd
346 3376 507 3441 usurpatur,
521 3377 705 3442 posteaquam
719 3368 838 3427 latronis
852 3378 881 3426 et
901 3366 1052 3444 parricide
1074 3366 1215 3443 sanguine

228 3442 339 3501 imbuta
352 3455 403 3501 est.
446 3444 504 3501 Sed
518 3443 586 3519 quid
601 3464 655 3521 ego
669 3445 719 3503 illa
732 3448 944 3505 commemorol
984 3446 1216 3521 comprehensus

227 3531 271 3579 est
298 3522 454 3598 intemplo
480 3522 608 3581 Castoris
627 3543 726 3582 servus
746 3525 778 3584 P.
800 3526 906 3597 Clodii,
927 3544 1013 3599 quem
1033 3524 1082 3582 ille
1103 3525 1138 3581 ad
1159 3524 1215 3582 Cn.

176 3594 212 3653 40
228 3600 396 3677 Pompeium
410 3601 641 3660 interficiendum
656 3604 819 3662 collocdrat.
861 3604 981 3662 Extorto
1001 3613 1045 3661 est
1067 3603 1216 3661 confitenti

228 3678 289 3737 sica
319 3680 356 3738 de
384 3681 525 3739 manibus.
579 3680 682 3739 Cernit
709 3682 769 3740 foro
794 3693 893 3760 postea
919 3682 1088 3759 Pompeius:
1122 3682 1215 3740 caruit

228 3769 347 3816 senatu:
378 3760 472 3817 caruit
494 3759 628 3836 publico:
656 3760 746 3835 janui
766 3780 798 3819 se
822 3780 857 3820 ac
886 3761 1053 3837 parietibus,
1076 3780 1133 3818 non
1150 3761 1215 3837 jure

227 3834 325 3909 legum
345 3837 586 3912 judiciorumque,
608 3839 686 3897 texit.
727 3839 808 3897 Num
829 3859 894 3915 que
917 3840 1027 3916 rogatio
1045 3839 1126 3897 latal
1146 3858 1216 3897 num

228 3928 292 3985 quae
306 3931 379 3971 nova
392 3916 511 3989 questio
524 3917 641 3975 decretu
655 3919 720 3975 estl
762 3918 862 3995 Atqui,
876 3918 901 3977 si
921 3938 977 3991 res,
998 3918 1023 3976 si
1043 3917 1094 3991 vir,
1109 3918 1134 3976 si
1147 3928 1218 3977 tem·
