2775 4425
205 361 261 418 144
504 358 640 408 ORATIO
663 357 702 406 [rt
723 357 761 406 ta
784 356 988 406 Att'rortlttm.

295 503 333 560 Ut
347 503 434 580 igitur
448 502 477 560 in
492 503 651 560 seminibus
664 515 708 559 est
721 521 810 559 causa
831 501 964 558 arborum
985 512 1015 558 et
1035 500 1177 577 stirpium,
1197 501 1243 558 sic

255 583 340 658 hujus
352 582 557 639 luctuosissimi
573 581 639 638 belli
654 601 753 638 semen
776 593 808 637 tu
830 581 917 637 fitisti.
959 580 1071 638 Doletis
1084 591 1143 638 tres
1162 600 1244 638 exer·

254 662 329 718 citus
343 662 439 737 populi
454 660 580 719 Romani
603 661 790 717 interlectos?
820 660 966 716 interiecit
988 661 1142 717 Antonius
1184 659 1245 717 De·

254 741 387 797 sideratis
400 741 574 797 clarissimos
587 740 687 796 civesl
708 759 758 796 eos
779 759 892 814 quoque
905 739 1010 814 eripuit
1025 739 1105 795 vobis
1118 738 1245 796 Antoni-

218 831 296 883 5us.
338 819 505 876 Auctoritas
518 818 603 894 hujus
615 819 725 875 ordinis
746 819 852 874 afflicta
872 819 936 874 oett
967 818 1066 874 afflixit
1086 818 1243 875 Antonius.

253 898 363 954 Omnia
376 899 510 974 denique,
524 915 587 972 quae
601 908 700 972 postea
712 897 846 968 vidimus,
870 895 954 976 (quid
976 906 1072 954 autem
1095 897 1164 952 mali
1184 917 1245 954 non

254 978 414 1056 vidimusl)
442 978 466 1034 si
488 975 567 1035 recte
588 977 835 1045 ratiocinabImnr‚
858 976 911 1032 uni
938 987 1058 1050 accepta
1084 975 1245 1033 reseremus

209 1069 214 1081 ¹
254 1057 391 1114 Antonio.
445 1055 485 1114 Ut
506 1055 621 1112 Helena
646 1055 793 1131 Trojanis,
819 1055 863 1111 sic
889 1054 944 1111 iste
969 1055 1039 1111 huie
1065 1053 1245 1129 reipublicae,

255 1154 344 1193 causa
367 1135 444 1205 belli,
459 1153 548 1192 causa
571 1134 658 1209 pestis
679 1146 765 1208 atque
786 1134 876 1203 exitii,
891 1133 953 1190 fuit.
994 1133 1127 1207 Reliquae
1147 1144 1246 1208 partes

203 1223 237 1276 10
255 1215 417 1272 tribunatius
430 1214 571 1290 principio
584 1213 701 1270 similes.
740 1212 850 1270 Omnia
872 1211 1002 1287 perfecit,
1026 1231 1100 1285 quae,
1114 1223 1245 1282 senatus,

255 1294 332 1352 salvia
359 1294 508 1369 republica
528 1313 566 1350 ne
586 1292 648 1349 fieri
667 1302 791 1368 possent,
818 1291 986 1367 perfecerat.
1028 1290 1120 1367 Cujus
1144 1301 1248 1349 tamen

255 1374 350 1430 scelus
365 1374 393 1431 in
408 1373 517 1430 scelere
531 1372 705 1448 cognoscite.

296 1451 416 1510 XXIII.
452 1451 637 1509 Restituebat
669 1449 773 1507 multos
799 1448 997 1506 calamitosos:
1027 1447 1057 1506 in
1084 1448 1130 1505 his
1149 1449 1248 1524 patrui

256 1532 336 1590 nulla
356 1531 472 1589 mentio.
513 1531 545 1588 Si
573 1549 699 1600 severus,
726 1549 778 1586 cur
803 1548 862 1586 non
889 1527 920 1585 in
942 1529 1065 1586 omnesl
1087 1528 1113 1584 si
1134 1529 1249 1585 miseri-

205 1615 238 1669 15
256 1631 329 1681 cors,
358 1630 410 1668 cur
435 1631 493 1668 non
521 1609 551 1666 in
577 1609 663 1666 suosl
704 1609 764 1665 Sed
789 1608 889 1665 omitto
915 1617 1042 1665 caeteros.
1096 1606 1250 1664 Licinium

256 1690 452 1760 Denticulam,
475 1689 511 1746 de
535 1689 598 1745 alea
622 1688 855 1758 condemnatum,
878 1686 1049 1744 collusorem
1072 1704 1166 1757 sumn,
1187 1706 1250 1743 res·

255 1769 349 1824 tituit:
370 1768 452 1842 quasi
466 1765 533 1824 vero
547 1767 647 1823 ludere
661 1785 728 1829 cum
752 1766 943 1824 condemnato
965 1785 1023 1823 non
1046 1766 1165 1822 liceret:
1193 1766 1249 1822 sed

255 1857 297 1915 ut,
331 1847 407 1919 quod
441 1845 470 1903 in
505 1845 568 1902 alea
594 1845 769 1920 perdiderat,
796 1844 939 1902 beneficio
963 1844 1037 1921 legis
1069 1844 1247 1902 dissolveret.

255 1923 355 1985 Quam
378 1923 497 1980 attulisti
521 1923 660 1981 rationem
683 1923 789 2000 populo
811 1924 955 1994 Romano,
970 1944 1022 1980 cur
1043 1943 1110 1981 eum
1131 1924 1249 1980 restitui

202 2009 238 2062 20
256 2005 418 2078 oporteretl
440 2004 587 2060 absentem
611 2003 727 2081 (credo)
752 2003 782 2060 in
806 2023 869 2060 reos
891 2003 1029 2066 relatum:
1051 2021 1111 2060 rem
1134 2002 1249 2059 indicta

257 2083 346 2140 causa
373 2082 552 2159 judicatam3
586 2082 699 2140 nullum
725 2082 815 2139 sitisse
840 2083 877 2140 de
905 2082 969 2139 alea
995 2083 1060 2158 lege
1084 2081 1248 2157 judicium:

257 2163 284 2221 vi
298 2181 472 2240 oppressum,
496 2172 526 2221 et
547 2162 650 2233 arrnis;
670 2163 824 2239 postremd,
839 2161 929 2239 (quod
953 2161 990 2219 de
1012 2171 1113 2237 patruo
1133 2170 1184 2219 tuo
1204 2162 1251 2218 di-

257 2244 390 2320 cebatur)
413 2243 537 2319 pecunia
561 2241 705 2319 judicium
726 2260 789 2299 esse
816 2250 989 2317 corruptum.
1030 2240 1112 2298 Nihil
1134 2241 1248 2299 borum.

258 2324 299 2380 At
325 2323 367 2381 vir
394 2323 496 2393 bonus,
523 2331 552 2379 et
578 2320 727 2397 republica
750 2320 863 2397 dignus.
914 2319 996 2377 Nihil
1019 2320 1049 2377 id
1069 2320 1186 2395 quidem
1209 2321 1250 2377 ad

203 2410 239 2463 25
258 2420 337 2459 rem:
371 2421 426 2477 ego
451 2412 557 2475 tamen,
585 2400 721 2475 quoniam
747 2400 969 2457 condemnatum
989 2418 1052 2456 esse
1077 2418 1130 2474 pro
1155 2398 1252 2458 nihilo

257 2489 310 2549 est,
324 2479 349 2535 si
371 2480 412 2536 ita
434 2488 519 2549 esset,
544 2479 734 2555 ignoscerem.
776 2478 932 2536 Hominem
955 2498 1032 2550 vero,
1045 2478 1175 2535 omnium
1196 2498 1252 2536 ne·

257 2557 436 2630 quissimum,
451 2558 572 2631 quinon
594 2558 739 2615 dubitaret
759 2558 804 2615 vel
826 2557 855 2614 in
880 2557 940 2615 loro
962 2557 1025 2615 alea
1046 2557 1156 2627 ludere,
1169 2557 1250 2633 lege,

257 2653 319 2709 quae
333 2645 376 2691 est
390 2634 426 2691 de
441 2635 514 2707 alea,
529 2636 762 2706 condemnatum,
777 2636 826 2712 qui
847 2637 877 2694 in
899 2637 1043 2713 integrum
1066 2636 1201 2708 restituit,
1222 2636 1251 2694 is

255 2732 312 2771 non
328 2712 506 2789 apertissime
521 2714 648 2771 studium
662 2734 747 2771 suum
762 2716 822 2791 ipse
834 2716 1001 2791 profiteturl

203 2798 239 2852 30
295 2790 330 2849 In
345 2793 446 2851 eodem
469 2792 537 2851 verb
553 2794 710 2865 tribunatu,
732 2792 800 2852 crim
816 2795 925 2864 Caesar,
940 2795 969 2852 in
992 2794 1163 2870 Hispaniam
1183 2814 1251 2869 pro-

256 2872 400 2943 ficiscens,
424 2872 493 2930 huic
516 2873 744 2931 conculcandam
765 2872 881 2930 Italiam
904 2873 1086 2943 tradidisset;
1107 2892 1172 2948 qnae
1193 2872 1251 2930 fuit

248 2952 317 3028 ‘ejus
330 2952 492 3029 peragratio
507 2952 662 3010 itineruml
682 2952 813 3009 lustratio
826 2953 1068 3029 municipioruml
1109 2952 1179 3009 Scio
1199 2970 1250 3010 me

256 3032 286 3089 in
314 3032 399 3089 rebus
426 3031 660 3089 celebratissimis
687 3050 818 3089 sermone
844 3032 972 3089 omnium
999 3032 1116 3103 versari,
1143 3050 1249 3106 eaque,

255 3129 319 3187 quae
347 3110 423 3181 dico,
451 3112 637 3185 dicturusque
664 3129 738 3180 sum,
765 3110 877 3167 notiora
896 3111 1029 3168 omnibus
1055 3129 1119 3168 esse
1145 3111 1248 3185 quiin

204 3198 240 3253 35
257 3189 342 3247 Italia
369 3199 430 3246 tum
455 3189 545 3260 suere,
567 3187 653 3263 qudm
674 3189 755 3259 milri,
775 3189 824 3264 qui
844 3209 901 3247 non
923 3189 972 3246 lui.
1014 3189 1129 3247 Notabo
1148 3200 1249 3247 tamen

256 3268 384 3345 singulas
398 3287 462 3325 res:
484 3268 537 3325 etsi
558 3268 637 3325 nullo
650 3268 735 3325 modo
754 3268 857 3343 poterit
879 3268 970 3325 oratio
992 3288 1058 3326 mea
1079 3268 1249 3326 satisfacere

256 3358 356 3405 vestrae
384 3346 521 3403 scientim.
564 3346 679 3403 Etenim
708 3347 783 3421 quod
810 3366 937 3421 unquam
965 3348 995 3404 in
1021 3347 1106 3405 terris
1132 3356 1248 3403 tantum

257 3425 396 3503 flagitium
425 3424 567 3482 exstitisse
595 3424 726 3483 auditum
752 3427 818 3483 estl
851 3424 974 3502 [tantam
1001 3425 1210 3503 turpitudinem
1218 3425 1245 3505 l]

257 3514 367 3563 tantum
383 3503 549 3561 dedecusl·

206 3587 240 3641 40
297 3583 412 3642 XXIV.
448 3582 615 3640 Vehebatur
648 3581 677 3640 in
705 3582 806 3642 essedo
832 3584 964 3641 tribunus
989 3583 1098 3660 plebis:
1131 3582 1248 3641 lictores

257 3662 377 3721 laureati
394 3661 620 3719 antecedebant:
642 3661 716 3718 inter
731 3681 810 3737 quos,
826 3664 923 3738 aperta
946 3664 1063 3734 lectica,
1077 3662 1166 3720 mima
1185 3681 1247 3738 por-

258 3742 389 3809 tabatur;
424 3759 510 3814 quam
538 3760 573 3797 ex
599 3740 710 3816 oppidis
737 3741 938 3816 municipales,
966 3742 1097 3800 homines
1123 3740 1246 3811 honesti,

257 3818 370 3875 obviam
385 3817 550 3875 necessarib
572 3819 754 3893 prodeuntes,
779 3839 835 3877 non
858 3832 925 3878 noto
948 3821 997 3877 illo
1018 3831 1046 3878 et
1060 3820 1178 3877 mimico
1197 3839 1248 3877 no·

258 3893 345 3961 mine,
371 3895 421 3949 sed
445 3896 640 3965 Volumniam,
670 3898 898 3955 consalutabant.
950 3900 1129 3973 Sequebatur
1157 3899 1248 3956 rheda

207 3970 241 4021 45
260 3985 327 4023 curn
341 3968 509 4041 lenonibus;
531 3974 650 4031 comites
671 3975 856 4049 nequissimi;
878 3976 988 4052 rejecta
1010 3988 1102 4035 mater
1123 3976 1245 4034 amicam

1375 3611 1377 3670 l

1375 3731 1376 3786 l
