2775 4425
200 359 241 419 84
465 356 602 407 ORATIO
625 356 696 405 Ptto
718 354 816 403 REGE
838 352 1035 403 DEIOTARO.

250 500 380 559 dixeras:
402 498 509 573 ita-que
524 498 626 557 fecisti.
668 498 778 555 Horam
792 516 880 554 unam
895 507 945 553 aut
965 497 1038 553 duas
1060 497 1163 554 eodem
1176 496 1240 555 loco

251 591 384 650 armatos,
397 589 428 635 ut
449 577 581 635 collocati
604 578 726 647 fuerant,
741 577 865 634 retinere
887 595 1025 652 magnum
1046 576 1120 633 l'uitl
1162 575 1238 633 cnm

251 658 281 717 in
295 657 425 715 convivio
439 657 557 715 comiter
571 668 600 713 et
611 654 741 732 jucunde
757 655 868 725 luisses,
882 665 945 712 tum
967 654 1037 712 illuc
1060 653 1119 725 isti,
1134 664 1166 711 ut
1180 655 1239 712 dix-

251 756 322 795 eras.
363 736 434 797 Quo
449 736 477 793 in
491 735 555 793 loco
570 734 738 792 Deiotarum
752 735 839 791 talem
853 752 923 809 erga
936 744 965 791 te
987 732 1156 809 cognovisti,
1171 752 1239 807 que-

219 826 236 879 5
252 816 286 874 lis
300 834 351 874 rex
363 816 480 873 Attalus
494 814 524 871 in
545 815 577 872 P.
594 813 766 871 Africanum
788 812 859 882 suit;
881 811 929 870 cui
951 811 1239 888 magnificentissima

163 939 169 949 .
251 896 336 965 dona,
359 904 390 953 ut
411 894 549 970 scriptum
572 892 706 969 legimus,
721 910 811 967 usque
834 892 871 949 ad
891 890 1083 948 Numantiam
1104 891 1183 947 misit
1202 910 1238 949 ex

251 974 341 1043 Asia3
362 992 425 1049 quae
451 973 616 1042 Africanus,
632 970 810 1046 inspectante
831 969 970 1040 exercitu,
986 968 1107 1045 accepit
1148 970 1239 1031 Quod

251 1051 319 1111 cbm
333 1071 458 1127 presens
472 1051 635 1120 Deiotarus,
650 1048 730 1125 regio
742 1059 772 1106 et
786 1048 882 1106 animo
894 1057 925 1106 et
946 1066 1036 1119 more,
1051 1048 1186 1119 iecisset;
1207 1059 1238 1105 tu

252 1132 282 1191 in
296 1130 463 1189 cubiculum
477 1128 642 1187 discessisti.

204 1218 237 1273 10
290 1210 431 1279 Obsecro,
453 1210 562 1278 Cesar,
587 1216 682 1283 repete
704 1205 839 1282 temporis
862 1204 939 1263 illius
959 1204 1144 1263 memoriam:
1165 1226 1239 1282 pone

252 1287 332 1347 illurn
347 1299 412 1345 ante
432 1287 531 1345 oculos
554 1286 647 1345 diem:
669 1285 763 1343 vultus
785 1285 933 1343 bominum
954 1295 983 1342 te
1005 1284 1179 1341 intuentium
1200 1294 1240 1341 at·

251 1385 307 1441 que
322 1366 525 1425 admirantium
539 1365 699 1423 recordare.
740 1363 821 1421 Num
834 1382 897 1439 quae
912 1362 1085 1439 trepidatio?
1106 1363 1240 1438 numqui

251 1446 411 1503 tumultuet
433 1464 502 1503 num
517 1444 595 1521 quid,
610 1442 666 1502 nisi
680 1441 838 1512 moderate,
853 1439 909 1499 nisi
930 1440 1039 1516 quiete,
1053 1441 1110 1500 nisi
1133 1462 1170 1499 ex
1191 1443 1241 1499 ho-

252 1524 338 1581 minis
366 1523 525 1601 gravissimi
554 1533 583 1581 et
610 1520 783 1579 sanctissimi
812 1520 986 1597 disciplinati
1039 1518 1123 1581 Quid
1152 1520 1240 1597 igitur

205 1608 237 1661 15
252 1623 347 1661 cansae
361 1602 519 1679 excogitari
532 1612 633 1679 potest,
648 1618 701 1657 cur
714 1609 743 1657 te
755 1598 866 1656 lautum
880 1599 1010 1671 voluerit,
1024 1610 1171 1657 coenatum
1191 1620 1241 1658 no-

251 1682 346 1752 luerit,
360 1682 515 1739 occideret

291 1759 326 1815 In
341 1771 485 1835 posterum
507 1757 626 1836 (inquit)
648 1757 726 1815 diem
746 1755 871 1826 distulit;
893 1766 924 1814 ut
944 1753 1023 1827 ciun,
1037 1756 1067 1814 in
1088 1756 1241 1815 castellum

251 1836 393 1894 Luceium
415 1847 530 1893 ventum
550 1847 634 1908 esset,
659 1836 700 1893 ibi
721 1836 847 1913 cogitata
866 1836 1024 1912 perficeret.
1067 1835 1136 1893 Non
1156 1836 1242 1894 video

251 1933 369 1972 causam
396 1914 453 1973 loci
474 1913 622 1979 mutandi:
652 1915 704 1973 sed
732 1926 829 1973 temen
851 1925 917 1971 acta
942 1934 988 1972 res
1008 1912 1164 1971 criminose
1185 1925 1231 1972 est

201 1994 236 2049 2⁰
252 1992 338 2063 Crim,
354 1992 455 2071 inquit,
470 2012 584 2053 vomere
597 2004 625 2051 te
638 2004 701 2069 post
722 2013 835 2051 coenam
859 1992 931 2051 velle
953 1994 1083 2064 dixisses,
1099 1992 1128 2050 in
1143 1994 1230 2051 balne
1261 2008 1266 2014 '

252 2090 301 2129 um
315 2084 344 2130 te
358 2073 464 2133 ducere
479 2084 643 2149 coeperunt;
665 2072 706 2129 ibi
728 2071 806 2129 enim
829 2083 911 2130 erant
925 2072 1046 2130 insidiae.
1088 2072 1129 2129 At
1143 2083 1172 2130 te
1192 2092 1229 2130 ea

251 2152 317 2209 dem
332 2162 382 2209 tun
396 2152 510 2210 fortuna
524 2152 665 2211 servavit:
686 2151 718 2209 in
740 2149 908 2210 cubiculum
932 2162 960 2209 te
977 2151 1019 2210 ire
1033 2150 1118 2208 malle
1132 2151 1229 2209 dixisti

251 2231 301 2290 Dii
315 2243 343 2290 te
357 2233 500 2308 perduint,
515 2231 633 2310 fugitive
645 2233 652 2289 l
674 2231 716 2289 ita
728 2251 785 2290 nou
799 2228 884 2289 modd
899 2250 1023 2306 nequam
1041 2242 1071 2288 et
1084 2231 1230 2306 improbus

251 2312 302 2368 sed
323 2312 418 2369 fatuus
441 2323 470 2370 et
492 2331 591 2370 amens
604 2331 643 2370 es.
684 2309 790 2372 Quidl
811 2309 859 2367 ille
881 2309 965 2386 signa
988 2328 1069 2367 enea
1083 2309 1112 2368 in
1127 2309 1238 2368 insidiis

200 2388 236 2440 25
251 2400 392 2465 posuerat,
407 2411 470 2468 quae
484 2411 500 2448 e
515 2392 617 2449 balneo
632 2391 660 2448 in
676 2389 842 2448 cubiculum
863 2387 1010 2446 transferri
1031 2408 1089 2445 non
1102 2400 1218 2465 possent

292 2468 392 2526 Hebes
422 2469 545 2527 crimine
576 2469 763 2526 insidiarum:
796 2467 868 2525 nihil
899 2467 977 2525 enirn
1005 2466 1078 2524 dixit
1108 2468 1236 2543 amplius

251 2544 373 2615 Horum,
390 2545 492 2620 inquit,
507 2566 586 2604 eram
607 2547 750 2605 conscius.
790 2545 873 2608 Quid
894 2547 975 2603 tuml
997 2545 1037 2603 ite
1057 2546 1176 2604 demens
1191 2546 1240 2604 ille

251 2632 322 2691 erat,
337 2633 368 2679 ut
381 2643 459 2694 eum,
474 2643 558 2698 quem
574 2626 723 2684 conscium
737 2625 810 2683 tanti
833 2625 951 2682 sceleris
971 2625 1106 2695 habebat,
1122 2645 1183 2682 ase
1198 2626 1241 2682 di·

251 2700 395 2758 mitteretl
437 2701 562 2760 Romam
576 2703 664 2761 etiam
678 2704 814 2773 mitteret,
829 2703 878 2760 nbi
893 2715 922 2760 et
937 2703 1168 2762 inimicissimum
1183 2704 1239 2761 sci-

199 2785 236 2838 30
251 2789 294 2836 ret
307 2798 370 2836 esse
385 2792 517 2856 nepotem
531 2801 625 2853 suum,
640 2795 670 2841 et
683 2783 718 2840 C.
734 2782 889 2852 Caesarem,
904 2783 954 2840 cui
969 2781 1084 2840 fecisset
1098 2782 1238 2840 insidiasl

249 2859 404 2934 presertim
420 2859 487 2918 cirm
502 2859 526 2918 is
540 2881 614 2920 unus
629 2873 713 2933 esset,
735 2861 782 2936 qui
796 2872 891 2938 posset
909 2859 960 2938 [de
981 2862 1099 2918 absente
1121 2881 1152 2920 se
1167 2862 1239 2919 indi-

250 2938 340 3018 care]
383 2938 421 2997 Et
443 2940 542 2998 fratres
563 2960 650 3012 meos,
672 2941 773 3016 inquit,
788 2938 865 3014 qudd
885 2951 968 2998 erant
987 2940 1108 3010 conscii,
1129 2940 1160 2998 in
1180 2941 1239 2998 vin·

250 3018 317 3075 cula
337 3017 469 3093 conjecit.
512 3018 588 3078 Cium
610 3020 697 3098 igitur
717 3039 766 3078 eos
786 3018 917 3089 vinciret,
939 3039 1010 3094 qnos
1030 3038 1130 3076 secum
1150 3020 1237 3076 habe-

250 3097 314 3166 bat;
336 3107 364 3156 te
385 3098 509 3156 solutum
530 3098 656 3157 Romam
684 3099 826 3170 mittebat,
847 3097 896 3173 qui
923 3099 1026 3156 eedem
1054 3097 1154 3169 scires,
1174 3117 1238 3174 quae

198 3179 234 3234 35
250 3175 312 3234 illos
327 3176 402 3233 scire
417 3177 512 3235 dicisl

289 3254 374 3312 VIII.
398 3255 523 3329 Reliqua
543 3275 608 3331 pars
630 3254 823 3314 accusationis
836 3255 941 3332 duplex
957 3255 1027 3312 fuit:
1049 3272 1117 3326 una,
1139 3274 1258 3332 regem,

249 3353 360 3409 semper
382 3331 410 3389 in
431 3334 555 3409 speculis
577 3334 674 3404 fuisse,
689 3333 757 3392 crim
779 3345 838 3392 ate
860 3335 956 3392 animo
968 3343 1044 3391 esset
1064 3334 1176 3404 elien03
1199 3335 1238 3392 al-

249 3423 320 3482 tera,
335 3412 493 3469 exercitum
509 3431 575 3470 eum
590 3423 691 3471 contra
705 3424 733 3470 te
747 3433 884 3490 magnum
899 3412 1089 3488 comperisse.
1131 3413 1177 3470 De
1190 3432 1237 3472 ex·

248 3491 341 3550 ercitu
355 3491 451 3548 dicam
466 3490 598 3560 breviter,
613 3501 644 3549 ut
664 3503 778 3550 caetera.
820 3491 978 3566 Nunquam
998 3509 1048 3548 eas
1069 3491 1167 3566 copias
1186 3511 1237 3549 rex

198 3568 233 3622 to
249 3569 402 3628 Deiotarus
417 3569 526 3640 habuit,
541 3569 645 3645 quibus
659 3570 764 3628 inserte
778 3570 884 3628 bellum
905 3570 1008 3646 populo
1028 3568 1162 3628 Romano
1174 3591 1238 3646 pos-

249 3660 307 3718 set;
329 3650 379 3707 sed
393 3648 497 3723 quibus
512 3648 583 3706 fines
597 3668 663 3706 suos
678 3649 714 3705 ab
735 3650 952 3707 excursionibus
972 3649 1096 3706 bostium
1110 3659 1139 3706 et
1152 3649 1237 3708 latro-

249 3727 333 3784 ciniis
347 3739 484 3798 tueretur,
499 3738 528 3785 et
543 3727 759 3804 imperatoribus
772 3729 875 3785 nostris
887 3728 993 3786 auxilia
1007 3727 1140 3787 mitteret.
1184 3729 1225 3785 At

247 3822 303 3878 qne
331 3818 416 3863 antea
435 3806 552 3881 quidem
573 3806 694 3882 majores
715 3806 812 3884 copias
833 3807 910 3864 alere
929 3816 1057 3884 poterat;
1079 3826 1158 3867 nnnc
1178 3806 1226 3864 exi

247 3900 320 3956 guas
334 3883 380 3940 rix
390 3883 464 3941 tueri
478 3895 576 3959 potest,
1043 3926 1056 3960 2
