<?xml version="1.0" encoding="UTF-8"?>
<!DOCTYPE html PUBLIC "-//W3C//DTD XHTML 1.0 Transitional//EN"
    "http://www.w3.org/TR/xhtml1/DTD/xhtml1-transitional.dtd">
<html xmlns="http://www.w3.org/1999/xhtml" xml:lang="en" lang="en">
 <head>
  <title>
</title>
<meta http-equiv="Content-Type" content="text/html;charset=utf-8" />
  <meta name='ocr-system' content='tesseract 3.04.00' />
  <meta name='ocr-capabilities' content='ocr_page ocr_carea ocr_par ocr_line ocrx_word'/>
</head>
<body>
  <div class='ocr_page' id='page_1' title='image "./mtciceronisorat00folsgoog/mtciceronisorat00folsgoog_0159.png"; bbox 0 0 2775 4425; ppageno 0'>
   <div class='ocr_carea' id='block_1_1' title="bbox 407 369 1187 430">
    <p class='ocr_par' dir='ltr' id='par_1_1' title="bbox 407 369 1187 430">
     <span class='ocr_line' id='line_1_1' title="bbox 407 369 1187 430; baseline 0.015 -12"><span class='ocrx_word' id='word_1_1' title='bbox 407 369 543 420; x_wconf 78' lang='lat' dir='ltr'>ORATIO</span> <span class='ocrx_word' id='word_1_2' title='bbox 566 369 604 419; x_wconf 81' lang='grc' dir='ltr'><strong>ΙΝ</strong></span> <span class='ocrx_word' id='word_1_3' title='bbox 626 369 666 418; x_wconf 88' lang='lat' dir='ltr'><strong>M.</strong></span> <span class='ocrx_word' id='word_1_4' title='bbox 688 369 892 419; x_wconf 74' lang='lat' dir='ltr'><strong>Anronwtt.</strong></span> <span class='ocrx_word' id='word_1_5' title='bbox 1129 371 1187 430; x_wconf 75' lang='grc'><strong>153</strong></span> 
     </span>
    </p>
   </div>
   <div class='ocr_carea' id='block_1_2' title="bbox 72 512 1188 3984">
    <p class='ocr_par' dir='ltr' id='par_1_2' title="bbox 141 512 1185 1456">
     <span class='ocr_line' id='line_1_2' title="bbox 181 512 1135 590; baseline 0.001 -20"><span class='ocrx_word' id='word_1_6' title='bbox 181 513 210 570; x_wconf 93' lang='grc'>0</span> <span class='ocrx_word' id='word_1_7' title='bbox 224 533 290 570; x_wconf 88' lang='lat' dir='ltr'><strong>mea</strong></span> <span class='ocrx_word' id='word_1_8' title='bbox 304 513 408 570; x_wconf 82' lang='lat' dir='ltr'><strong>frustra</strong></span> <span class='ocrx_word' id='word_1_9' title='bbox 422 532 534 589; x_wconf 89' lang='lat' dir='ltr'><strong>semper</strong></span> <span class='ocrx_word' id='word_1_10' title='bbox 548 513 697 571; x_wconf 81' lang='lat' dir='ltr'><strong>verissima</strong></span> <span class='ocrx_word' id='word_1_11' title='bbox 711 512 833 590; x_wconf 83' lang='lat' dir='ltr'><strong>auguria</strong></span> <span class='ocrx_word' id='word_1_12' title='bbox 845 531 942 570; x_wconf 88' lang='lat' dir='ltr'><strong>rerum</strong></span> <span class='ocrx_word' id='word_1_13' title='bbox 957 512 1135 571; x_wconf 77' lang='lat' dir='ltr'><strong>futurarum!</strong></span> 
     </span>
     <span class='ocr_line' id='line_1_3' title="bbox 142 591 1136 668; baseline 0.001 -19"><span class='ocrx_word' id='word_1_14' title='bbox 142 591 286 650; x_wconf 81' lang='lat' dir='ltr'>Dicebam</span> <span class='ocrx_word' id='word_1_15' title='bbox 303 593 359 649; x_wconf 88' lang='lat' dir='ltr'><strong>illis</strong></span> <span class='ocrx_word' id='word_1_16' title='bbox 374 593 403 649; x_wconf 92' lang='lat' dir='ltr'><strong>in</strong></span> <span class='ocrx_word' id='word_1_17' title='bbox 420 592 563 668; x_wconf 89' lang='lat' dir='ltr'><strong>Capitolio</strong></span> <span class='ocrx_word' id='word_1_18' title='bbox 585 592 786 650; x_wconf 77' lang='lat' dir='ltr'>liberatoribus</span> <span class='ocrx_word' id='word_1_19' title='bbox 810 593 923 662; x_wconf 82' lang='lat' dir='ltr'><strong>nostris,</strong></span> <span class='ocrx_word' id='word_1_20' title='bbox 938 591 1008 650; x_wconf 75' lang='lat' dir='ltr'><strong>ciam</strong></span> <span class='ocrx_word' id='word_1_21' title='bbox 1029 611 1076 650; x_wconf 88' lang='lat' dir='ltr'><strong>me</strong></span> <span class='ocrx_word' id='word_1_22' title='bbox 1099 592 1136 650; x_wconf 86' lang='lat' dir='ltr'><strong>ad</strong></span> 
     </span>
     <span class='ocr_line' id='line_1_4' title="bbox 142 667 1134 746; baseline 0 -18"><span class='ocrx_word' id='word_1_23' title='bbox 142 683 170 728; x_wconf 88' lang='lat' dir='ltr'><strong>te</strong></span> <span class='ocrx_word' id='word_1_24' title='bbox 182 672 223 728; x_wconf 91' lang='lat' dir='ltr'><strong>ire</strong></span> <span class='ocrx_word' id='word_1_25' title='bbox 234 667 351 740; x_wconf 68' lang='lat' dir='ltr'><strong>bellent,</strong></span> <span class='ocrx_word' id='word_1_26' title='bbox 363 681 395 728; x_wconf 89' lang='lat' dir='ltr'><strong>nt</strong></span> <span class='ocrx_word' id='word_1_27' title='bbox 409 671 445 728; x_wconf 85' lang='lat' dir='ltr'><strong>ad</strong></span> <span class='ocrx_word' id='word_1_28' title='bbox 456 670 668 730; x_wconf 77' lang='lat' dir='ltr'><strong>defendendam</strong></span> <span class='ocrx_word' id='word_1_29' title='bbox 683 671 892 746; x_wconf 76' lang='lat' dir='ltr'><strong>rempublicam</strong></span> <span class='ocrx_word' id='word_1_30' title='bbox 905 683 935 728; x_wconf 90' lang='lat' dir='ltr'><strong>te</strong></span> <span class='ocrx_word' id='word_1_31' title='bbox 949 671 1134 740; x_wconf 76' lang='lat' dir='ltr'><strong>adhortarer3</strong></span> 
     </span>
     <span class='ocr_line' id='line_1_5' title="bbox 141 749 1136 826; baseline 0.002 -20"><span class='ocrx_word' id='word_1_32' title='bbox 141 751 237 826; x_wconf 87' lang='lat' dir='ltr'><strong>quoad</strong></span> <span class='ocrx_word' id='word_1_33' title='bbox 259 760 413 822; x_wconf 81' lang='lat' dir='ltr'><strong>metueres,</strong></span> <span class='ocrx_word' id='word_1_34' title='bbox 433 749 531 807; x_wconf 90' lang='lat' dir='ltr'><strong>omnia</strong></span> <span class='ocrx_word' id='word_1_35' title='bbox 552 759 580 807; x_wconf 90' lang='lat' dir='ltr'><strong>te</strong></span> <span class='ocrx_word' id='word_1_36' title='bbox 600 750 824 826; x_wconf 68' lang='lat' dir='ltr'><strong>promissurum</strong></span> <span class='ocrx_word' id='word_1_37' title='bbox 858 749 943 808; x_wconf 89' lang='lat' dir='ltr'><strong>simul</strong></span> <span class='ocrx_word' id='word_1_38' title='bbox 971 768 1007 807; x_wconf 86' lang='lat' dir='ltr'><strong>ae</strong></span> <span class='ocrx_word' id='word_1_39' title='bbox 1035 749 1136 808; x_wconf 88' lang='lat' dir='ltr'><strong>timere</strong></span> 
     </span>
     <span class='ocr_line' id='line_1_6' title="bbox 142 826 1185 903; baseline 0.005 -18"><span class='ocrx_word' id='word_1_40' title='bbox 142 828 278 899; x_wconf 86' lang='lat' dir='ltr'><strong>desisses,</strong></span> <span class='ocrx_word' id='word_1_41' title='bbox 298 829 421 886; x_wconf 84' lang='lat' dir='ltr'><strong>similem</strong></span> <span class='ocrx_word' id='word_1_42' title='bbox 442 837 471 887; x_wconf 87' lang='lat' dir='ltr'><strong>te</strong></span> <span class='ocrx_word' id='word_1_43' title='bbox 492 827 617 886; x_wconf 84' lang='lat' dir='ltr'><strong>futurum</strong></span> <span class='ocrx_word' id='word_1_44' title='bbox 639 828 689 886; x_wconf 89' lang='lat' dir='ltr'><strong>tui.</strong></span> <span class='ocrx_word' id='word_1_45' title='bbox 731 827 844 903; x_wconf 84' lang='lat' dir='ltr'><strong>Itaque,</strong></span> <span class='ocrx_word' id='word_1_46' title='bbox 861 826 930 886; x_wconf 78' lang='lat' dir='ltr'><strong>ciam</strong></span> <span class='ocrx_word' id='word_1_47' title='bbox 950 826 1048 886; x_wconf 78' lang='lat' dir='ltr'><strong>caeteri</strong></span> <span class='ocrx_word' id='word_1_48' title='bbox 1067 847 1136 886; x_wconf 92' lang='lat' dir='ltr'><strong>con·</strong></span> <span class='ocrx_word' id='word_1_49' title='bbox 1166 836 1185 890; x_wconf 85' lang='lat'><strong>5</strong></span> 
     </span>
     <span class='ocr_line' id='line_1_7' title="bbox 142 905 1135 983; baseline 0 -19"><span class='ocrx_word' id='word_1_50' title='bbox 142 909 252 966; x_wconf 85' lang='lat' dir='ltr'><strong>solares</strong></span> <span class='ocrx_word' id='word_1_51' title='bbox 267 908 351 976; x_wconf 87' lang='lat' dir='ltr'><strong>irent,</strong></span> <span class='ocrx_word' id='word_1_52' title='bbox 365 907 502 977; x_wconf 87' lang='lat' dir='ltr'><strong>redirent,</strong></span> <span class='ocrx_word' id='word_1_53' title='bbox 518 907 547 965; x_wconf 93' lang='lat' dir='ltr'><strong>in</strong></span> <span class='ocrx_word' id='word_1_54' title='bbox 566 905 712 964; x_wconf 79' lang='lat' dir='ltr'><strong>sententiri</strong></span> <span class='ocrx_word' id='word_1_55' title='bbox 725 906 837 964; x_wconf 85' lang='lat' dir='ltr'><strong>mansi:</strong></span> <span class='ocrx_word' id='word_1_56' title='bbox 857 925 952 983; x_wconf 86' lang='lat' dir='ltr'><strong>neque</strong></span> <span class='ocrx_word' id='word_1_57' title='bbox 972 917 1001 964; x_wconf 89' lang='lat' dir='ltr'><strong>te</strong></span> <span class='ocrx_word' id='word_1_58' title='bbox 1015 906 1065 965; x_wconf 92' lang='lat' dir='ltr'><strong>illo</strong></span> <span class='ocrx_word' id='word_1_59' title='bbox 1077 907 1135 978; x_wconf 89' lang='lat' dir='ltr'><strong>die,</strong></span> 
     </span>
     <span class='ocr_line' id='line_1_8' title="bbox 142 985 1136 1063; baseline 0 -20"><span class='ocrx_word' id='word_1_60' title='bbox 142 1005 237 1063; x_wconf 89' lang='lat' dir='ltr'><strong>neque</strong></span> <span class='ocrx_word' id='word_1_61' title='bbox 255 996 379 1062; x_wconf 87' lang='lat' dir='ltr'><strong>postero,</strong></span> <span class='ocrx_word' id='word_1_62' title='bbox 394 985 469 1054; x_wconf 80' lang='lat' dir='ltr'><strong>vidi3</strong></span> <span class='ocrx_word' id='word_1_63' title='bbox 491 1004 583 1061; x_wconf 87' lang='lat' dir='ltr'><strong>neque</strong></span> <span class='ocrx_word' id='word_1_64' title='bbox 603 985 690 1042; x_wconf 87' lang='lat' dir='ltr'><strong>ullam</strong></span> <span class='ocrx_word' id='word_1_65' title='bbox 704 985 873 1043; x_wconf 85' lang='lat' dir='ltr'><strong>societatem</strong></span> <span class='ocrx_word' id='word_1_66' title='bbox 893 985 1009 1062; x_wconf 83' lang='lat' dir='ltr'><strong>optimis</strong></span> <span class='ocrx_word' id='word_1_67' title='bbox 1023 985 1136 1044; x_wconf 85' lang='lat' dir='ltr'><strong>civibus</strong></span> 
     </span>
     <span class='ocr_line' id='line_1_9' title="bbox 142 1063 1136 1140; baseline -0.001 -18"><span class='ocrx_word' id='word_1_68' title='bbox 142 1085 209 1122; x_wconf 90' lang='lat' dir='ltr'><strong>cum</strong></span> <span class='ocrx_word' id='word_1_69' title='bbox 226 1063 468 1140; x_wconf 85' lang='lat' dir='ltr'><strong>importunissimo</strong></span> <span class='ocrx_word' id='word_1_70' title='bbox 483 1065 563 1122; x_wconf 91' lang='lat' dir='ltr'><strong>hoste</strong></span> <span class='ocrx_word' id='word_1_71' title='bbox 578 1063 683 1122; x_wconf 79' lang='lat' dir='ltr'><strong>lisdem</strong></span> <span class='ocrx_word' id='word_1_72' title='bbox 708 1064 767 1122; x_wconf 90' lang='lat' dir='ltr'><strong>ullo</strong></span> <span class='ocrx_word' id='word_1_73' title='bbox 780 1063 945 1122; x_wconf 81' lang='lat' dir='ltr'><strong>confirmari</strong></span> <span class='ocrx_word' id='word_1_74' title='bbox 968 1083 1051 1140; x_wconf 84' lang='lat' dir='ltr'><strong>posse</strong></span> <span class='ocrx_word' id='word_1_75' title='bbox 1074 1083 1136 1122; x_wconf 87' lang='lat' dir='ltr'><strong>cre·</strong></span> 
     </span>
     <span class='ocr_line' id='line_1_10' title="bbox 143 1142 1135 1219; baseline 0 -19"><span class='ocrx_word' id='word_1_76' title='bbox 143 1145 213 1201; x_wconf 91' lang='lat' dir='ltr'><strong>didi.</strong></span> <span class='ocrx_word' id='word_1_77' title='bbox 257 1144 327 1202; x_wconf 89' lang='lat' dir='ltr'><strong>Post</strong></span> <span class='ocrx_word' id='word_1_78' title='bbox 341 1143 417 1200; x_wconf 89' lang='lat' dir='ltr'><strong>diem</strong></span> <span class='ocrx_word' id='word_1_79' title='bbox 431 1143 547 1202; x_wconf 88' lang='lat' dir='ltr'><strong>tertium</strong></span> <span class='ocrx_word' id='word_1_80' title='bbox 569 1143 635 1200; x_wconf 87' lang='lat' dir='ltr'><strong>veni</strong></span> <span class='ocrx_word' id='word_1_81' title='bbox 657 1143 687 1200; x_wconf 92' lang='lat' dir='ltr'><strong>in</strong></span> <span class='ocrx_word' id='word_1_82' title='bbox 702 1144 794 1200; x_wconf 79' lang='lat' dir='ltr'><strong>edem</strong></span> <span class='ocrx_word' id='word_1_83' title='bbox 817 1142 955 1213; x_wconf 83' lang='lat' dir='ltr'><strong>Telluris,</strong></span> <span class='ocrx_word' id='word_1_84' title='bbox 969 1153 999 1200; x_wconf 88' lang='lat' dir='ltr'><strong>et</strong></span> <span class='ocrx_word' id='word_1_85' title='bbox 1019 1143 1135 1219; x_wconf 88' lang='lat' dir='ltr'><strong>quidem</strong></span> 
     </span>
     <span class='ocr_line' id='line_1_11' title="bbox 143 1220 1185 1294; baseline 0.001 -15"><span class='ocrx_word' id='word_1_86' title='bbox 143 1223 260 1294; x_wconf 86' lang='lat' dir='ltr'><strong>invitus,</strong></span> <span class='ocrx_word' id='word_1_87' title='bbox 275 1220 344 1280; x_wconf 81' lang='lat' dir='ltr'><strong>cbm</strong></span> <span class='ocrx_word' id='word_1_88' title='bbox 358 1241 458 1279; x_wconf 88' lang='lat' dir='ltr'><strong>omnes</strong></span> <span class='ocrx_word' id='word_1_89' title='bbox 473 1222 567 1279; x_wconf 89' lang='lat' dir='ltr'><strong>aditus</strong></span> <span class='ocrx_word' id='word_1_90' title='bbox 582 1221 682 1280; x_wconf 87' lang='lat' dir='ltr'><strong>armati</strong></span> <span class='ocrx_word' id='word_1_91' title='bbox 702 1222 877 1280; x_wconf 82' lang='lat' dir='ltr'><strong>obsiderent.</strong></span> <span class='ocrx_word' id='word_1_92' title='bbox 917 1222 981 1284; x_wconf 77' lang='lat' dir='ltr'><strong>Qui</strong></span> <span class='ocrx_word' id='word_1_93' title='bbox 1001 1221 1054 1280; x_wconf 89' lang='lat' dir='ltr'><strong>tibi</strong></span> <span class='ocrx_word' id='word_1_94' title='bbox 1073 1223 1136 1280; x_wconf 89' lang='lat' dir='ltr'><strong>dies</strong></span> <span class='ocrx_word' id='word_1_95' title='bbox 1151 1225 1185 1280; x_wconf 85' lang='lat'><strong>1⁰</strong></span> 
     </span>
     <span class='ocr_line' id='line_1_12' title="bbox 142 1299 1137 1377; baseline 0 -19"><span class='ocrx_word' id='word_1_96' title='bbox 142 1301 201 1372; x_wconf 90' lang='lat' dir='ltr'><strong>ille,</strong></span> <span class='ocrx_word' id='word_1_97' title='bbox 217 1301 259 1358; x_wconf 90' lang='lat' dir='ltr'><strong>M.</strong></span> <span class='ocrx_word' id='word_1_98' title='bbox 275 1300 396 1371; x_wconf 79' lang='lat' dir='ltr'><strong>Antoni,</strong></span> <span class='ocrx_word' id='word_1_99' title='bbox 411 1300 487 1358; x_wconf 86' lang='lat' dir='ltr'><strong>snitl</strong></span> <span class='ocrx_word' id='word_1_100' title='bbox 527 1301 705 1377; x_wconf 77' lang='lat' dir='ltr'><strong>Quanquam</strong></span> <span class='ocrx_word' id='word_1_101' title='bbox 726 1301 797 1359; x_wconf 91' lang='lat' dir='ltr'><strong>mibi</strong></span> <span class='ocrx_word' id='word_1_102' title='bbox 815 1299 911 1359; x_wconf 80' lang='lat' dir='ltr'><strong>subito</strong></span> <span class='ocrx_word' id='word_1_103' title='bbox 933 1301 1069 1359; x_wconf 86' lang='lat' dir='ltr'><strong>inimicus</strong></span> <span class='ocrx_word' id='word_1_104' title='bbox 1088 1320 1137 1359; x_wconf 79' lang='lat' dir='ltr'><strong>en·</strong></span> 
     </span>
     <span class='ocr_line' id='line_1_13' title="bbox 142 1378 937 1456; baseline -0.003 -18"><span class='ocrx_word' id='word_1_105' title='bbox 142 1381 249 1450; x_wconf 84' lang='lat' dir='ltr'><strong>stitisti,</strong></span> <span class='ocrx_word' id='word_1_106' title='bbox 264 1392 362 1436; x_wconf 85' lang='lat' dir='ltr'><strong>tamen</strong></span> <span class='ocrx_word' id='word_1_107' title='bbox 377 1398 422 1436; x_wconf 91' lang='lat' dir='ltr'><strong>me</strong></span> <span class='ocrx_word' id='word_1_108' title='bbox 437 1379 478 1438; x_wconf 90' lang='lat' dir='ltr'><strong>tui</strong></span> <span class='ocrx_word' id='word_1_109' title='bbox 493 1379 617 1449; x_wconf 77' lang='lat' dir='ltr'><strong>miseret,</strong></span> <span class='ocrx_word' id='word_1_110' title='bbox 631 1378 709 1456; x_wconf 82' lang='lat' dir='ltr'><strong>qudd</strong></span> <span class='ocrx_word' id='word_1_111' title='bbox 723 1380 776 1437; x_wconf 91' lang='lat' dir='ltr'><strong>tibi</strong></span> <span class='ocrx_word' id='word_1_112' title='bbox 790 1378 937 1436; x_wconf 79' lang='lat' dir='ltr'><strong>invideris.</strong></span> 
     </span>
    </p>

    <p class='ocr_par' dir='ltr' id='par_1_3' title="bbox 138 1457 1187 2405">
     <span class='ocr_line' id='line_1_14' title="bbox 182 1457 1138 1536; baseline -0.002 -20"><span class='ocrx_word' id='word_1_113' title='bbox 182 1457 331 1516; x_wconf 85' lang='lat' dir='ltr'><strong>XXXVI.</strong></span> <span class='ocrx_word' id='word_1_114' title='bbox 372 1459 434 1520; x_wconf 77' lang='lat' dir='ltr'><strong>Qui</strong></span> <span class='ocrx_word' id='word_1_115' title='bbox 456 1469 486 1516; x_wconf 89' lang='lat' dir='ltr'><strong>tu</strong></span> <span class='ocrx_word' id='word_1_116' title='bbox 501 1459 553 1529; x_wconf 85' lang='lat' dir='ltr'><strong>vir,</strong></span> <span class='ocrx_word' id='word_1_117' title='bbox 569 1457 633 1536; x_wconf 86' lang='lat' dir='ltr'><strong>(Dii</strong></span> <span class='ocrx_word' id='word_1_118' title='bbox 655 1459 862 1532; x_wconf 76' lang='lat' dir='ltr'><strong>immortalesll</strong></span> <span class='ocrx_word' id='word_1_119' title='bbox 882 1468 913 1516; x_wconf 89' lang='lat' dir='ltr'><strong>et</strong></span> <span class='ocrx_word' id='word_1_120' title='bbox 925 1469 1050 1533; x_wconf 85' lang='lat' dir='ltr'><strong>quantus</strong></span> <span class='ocrx_word' id='word_1_121' title='bbox 1070 1457 1138 1514; x_wconf 82' lang='lat' dir='ltr'><strong>suis·</strong></span> 
     </span>
     <span class='ocr_line' id='line_1_15' title="bbox 142 1536 1138 1613; baseline -0.002 -19"><span class='ocrx_word' id='word_1_122' title='bbox 142 1557 198 1609; x_wconf 87' lang='lat' dir='ltr'><strong>ses,</strong></span> <span class='ocrx_word' id='word_1_123' title='bbox 213 1539 237 1594; x_wconf 89' lang='lat' dir='ltr'><strong>si</strong></span> <span class='ocrx_word' id='word_1_124' title='bbox 253 1538 329 1595; x_wconf 89' lang='lat' dir='ltr'><strong>illius</strong></span> <span class='ocrx_word' id='word_1_125' title='bbox 343 1537 401 1594; x_wconf 90' lang='lat' dir='ltr'><strong>diei</strong></span> <span class='ocrx_word' id='word_1_126' title='bbox 416 1547 541 1594; x_wconf 84' lang='lat' dir='ltr'><strong>mentem</strong></span> <span class='ocrx_word' id='word_1_127' title='bbox 555 1556 668 1595; x_wconf 86' lang='lat' dir='ltr'><strong>serrare</strong></span> <span class='ocrx_word' id='word_1_128' title='bbox 687 1537 847 1613; x_wconf 86' lang='lat' dir='ltr'><strong>potuisses!</strong></span> <span class='ocrx_word' id='word_1_129' title='bbox 890 1536 997 1594; x_wconf 80' lang='lat' dir='ltr'><strong>Pacem</strong></span> <span class='ocrx_word' id='word_1_130' title='bbox 1018 1536 1138 1592; x_wconf 86' lang='lat' dir='ltr'><strong>babere-</strong></span> 
     </span>
     <span class='ocr_line' id='line_1_16' title="bbox 142 1613 1187 1692; baseline -0.006 -18"><span class='ocrx_word' id='word_1_131' title='bbox 142 1635 217 1688; x_wconf 87' lang='lat' dir='ltr'><strong>mus,</strong></span> <span class='ocrx_word' id='word_1_132' title='bbox 231 1637 295 1692; x_wconf 81' lang='lat' dir='ltr'><strong>quae</strong></span> <span class='ocrx_word' id='word_1_133' title='bbox 308 1627 370 1673; x_wconf 88' lang='lat' dir='ltr'><strong>erat</strong></span> <span class='ocrx_word' id='word_1_134' title='bbox 385 1617 460 1674; x_wconf 85' lang='lat' dir='ltr'><strong>sacta</strong></span> <span class='ocrx_word' id='word_1_135' title='bbox 480 1635 531 1692; x_wconf 87' lang='lat' dir='ltr'><strong>per</strong></span> <span class='ocrx_word' id='word_1_136' title='bbox 550 1616 691 1686; x_wconf 86' lang='lat' dir='ltr'><strong>obsidem,</strong></span> <span class='ocrx_word' id='word_1_137' title='bbox 705 1635 827 1692; x_wconf 89' lang='lat' dir='ltr'><strong>puerum</strong></span> <span class='ocrx_word' id='word_1_138' title='bbox 848 1615 986 1685; x_wconf 88' lang='lat' dir='ltr'><strong>nobilem,</strong></span> <span class='ocrx_word' id='word_1_139' title='bbox 1003 1613 1059 1692; x_wconf 87' lang='lat' dir='ltr'><strong>[M.</strong></span> <span class='ocrx_word' id='word_1_140' title='bbox 1075 1615 1137 1673; x_wconf 82' lang='lat' dir='ltr'><strong>An·</strong></span> <span class='ocrx_word' id='word_1_141' title='bbox 1152 1615 1187 1670; x_wconf 85' lang='lat'><strong>15</strong></span> 
     </span>
     <span class='ocr_line' id='line_1_17' title="bbox 142 1694 1137 1832; baseline -0.002 -78"><span class='ocrx_word' id='word_1_142' title='bbox 142 1697 213 1754; x_wconf 92' lang='lat' dir='ltr'><strong>tonii</strong></span> <span class='ocrx_word' id='word_1_143' title='bbox 236 1696 351 1832; x_wconf 55' lang='lat' dir='ltr'><strong>filium)</strong></span> <span class='ocrx_word' id='word_1_144' title='bbox 370 1695 410 1752; x_wconf 94' lang='lat' dir='ltr'><strong>M.</strong></span> <span class='ocrx_word' id='word_1_145' title='bbox 432 1695 630 1752; x_wconf 86' lang='lat' dir='ltr'><strong>Bambalionis</strong></span> <span class='ocrx_word' id='word_1_146' title='bbox 652 1705 795 1770; x_wconf 85' lang='lat' dir='ltr'><strong>nepotem.</strong></span> <span class='ocrx_word' id='word_1_147' title='bbox 836 1695 1014 1770; x_wconf 79' lang='lat' dir='ltr'><strong>Quanquam</strong></span> <span class='ocrx_word' id='word_1_148' title='bbox 1038 1705 1067 1751; x_wconf 89' lang='lat' dir='ltr'><strong>te</strong></span> <span class='ocrx_word' id='word_1_149' title='bbox 1089 1694 1137 1752; x_wconf 90' lang='lat' dir='ltr'><strong>bo·</strong></span> 
     </span>
     <span class='ocr_line' id='line_1_18' title="bbox 143 1773 1137 1850; baseline -0.003 -17"><span class='ocrx_word' id='word_1_150' title='bbox 143 1793 212 1833; x_wconf 90' lang='lat' dir='ltr'><strong>num</strong></span> <span class='ocrx_word' id='word_1_151' title='bbox 226 1775 311 1832; x_wconf 91' lang='lat' dir='ltr'><strong>timor</strong></span> <span class='ocrx_word' id='word_1_152' title='bbox 343 1775 466 1845; x_wconf 88' lang='lat' dir='ltr'><strong>aciebat,</strong></span> <span class='ocrx_word' id='word_1_153' title='bbox 480 1793 538 1831; x_wconf 94' lang='lat' dir='ltr'><strong>non</strong></span> <span class='ocrx_word' id='word_1_154' title='bbox 561 1775 715 1832; x_wconf 89' lang='lat' dir='ltr'><strong>diuturnus</strong></span> <span class='ocrx_word' id='word_1_155' title='bbox 736 1774 873 1850; x_wconf 85' lang='lat' dir='ltr'><strong>magister</strong></span> <span class='ocrx_word' id='word_1_156' title='bbox 894 1773 1002 1842; x_wconf 64' lang='lat' dir='ltr'><strong>officim</strong></span> <span class='ocrx_word' id='word_1_157' title='bbox 1034 1773 1137 1849; x_wconf 88' lang='lat' dir='ltr'><strong>impro-</strong></span> 
     </span>
     <span class='ocr_line' id='line_1_19' title="bbox 143 1852 1136 1930; baseline -0.001 -20"><span class='ocrx_word' id='word_1_158' title='bbox 143 1855 210 1911; x_wconf 91' lang='lat' dir='ltr'><strong>bum</strong></span> <span class='ocrx_word' id='word_1_159' title='bbox 226 1854 296 1911; x_wconf 83' lang='lat' dir='ltr'><strong>fecit</strong></span> <span class='ocrx_word' id='word_1_160' title='bbox 309 1873 355 1925; x_wconf 88' lang='lat' dir='ltr'><strong>ea,</strong></span> <span class='ocrx_word' id='word_1_161' title='bbox 370 1873 443 1930; x_wconf 83' lang='lat' dir='ltr'><strong>quae,</strong></span> <span class='ocrx_word' id='word_1_162' title='bbox 458 1853 527 1910; x_wconf 90' lang='lat' dir='ltr'><strong>dum</strong></span> <span class='ocrx_word' id='word_1_163' title='bbox 542 1853 626 1910; x_wconf 87' lang='lat' dir='ltr'><strong>timor</strong></span> <span class='ocrx_word' id='word_1_164' title='bbox 641 1852 732 1926; x_wconf 82' lang='lat' dir='ltr'><strong>abest,</strong></span> <span class='ocrx_word' id='word_1_165' title='bbox 747 1871 765 1910; x_wconf 87' lang='lat' dir='ltr'><strong>a</strong></span> <span class='ocrx_word' id='word_1_166' title='bbox 778 1864 806 1910; x_wconf 92' lang='lat' dir='ltr'><strong>te</strong></span> <span class='ocrx_word' id='word_1_167' title='bbox 820 1872 878 1910; x_wconf 93' lang='lat' dir='ltr'><strong>non</strong></span> <span class='ocrx_word' id='word_1_168' title='bbox 899 1853 1033 1924; x_wconf 77' lang='lat' dir='ltr'><strong>discedit,</strong></span> <span class='ocrx_word' id='word_1_169' title='bbox 1049 1853 1136 1910; x_wconf 89' lang='lat' dir='ltr'><strong>auda·</strong></span> 
     </span>
     <span class='ocr_line' id='line_1_20' title="bbox 138 1930 1136 2010; baseline -0.002 -20"><span class='ocrx_word' id='word_1_170' title='bbox 138 1934 199 1990; x_wconf 80' lang='lat' dir='ltr'><strong>oia.</strong></span> <span class='ocrx_word' id='word_1_171' title='bbox 242 1933 305 1998; x_wconf 84' lang='lat' dir='ltr'><strong>Etsi</strong></span> <span class='ocrx_word' id='word_1_172' title='bbox 320 1945 391 2004; x_wconf 93' lang='lat' dir='ltr'><strong>tum,</strong></span> <span class='ocrx_word' id='word_1_173' title='bbox 407 1931 474 1990; x_wconf 74' lang='lat' dir='ltr'><strong>clun</strong></span> <span class='ocrx_word' id='word_1_174' title='bbox 489 1932 628 2008; x_wconf 90' lang='lat' dir='ltr'><strong>optimum</strong></span> <span class='ocrx_word' id='word_1_175' title='bbox 643 1943 671 1988; x_wconf 89' lang='lat' dir='ltr'><strong>te</strong></span> <span class='ocrx_word' id='word_1_176' title='bbox 693 1933 832 2008; x_wconf 84' lang='lat' dir='ltr'><strong>putabant</strong></span> <span class='ocrx_word' id='word_1_177' title='bbox 855 1930 916 2010; x_wconf 89' lang='lat' dir='ltr'><strong>(me</strong></span> <span class='ocrx_word' id='word_1_178' title='bbox 938 1933 1056 2008; x_wconf 84' lang='lat' dir='ltr'><strong>quidem</strong></span> <span class='ocrx_word' id='word_1_179' title='bbox 1077 1930 1136 1988; x_wconf 89' lang='lat' dir='ltr'><strong>dis·</strong></span> 
     </span>
     <span class='ocr_line' id='line_1_21' title="bbox 144 2008 1186 2089; baseline -0.001 -21"><span class='ocrx_word' id='word_1_180' title='bbox 144 2012 313 2089; x_wconf 87' lang='lat' dir='ltr'><strong>sentiente),</strong></span> <span class='ocrx_word' id='word_1_181' title='bbox 329 2011 422 2069; x_wconf 85' lang='lat' dir='ltr'><strong>funeri</strong></span> <span class='ocrx_word' id='word_1_182' title='bbox 443 2011 568 2087; x_wconf 82' lang='lat' dir='ltr'><strong>tyranni,</strong></span> <span class='ocrx_word' id='word_1_183' title='bbox 584 2011 606 2068; x_wconf 90' lang='lat' dir='ltr'><strong>si</strong></span> <span class='ocrx_word' id='word_1_184' title='bbox 633 2009 719 2068; x_wconf 84' lang='lat' dir='ltr'><strong>sunus</strong></span> <span class='ocrx_word' id='word_1_185' title='bbox 743 2011 812 2068; x_wconf 91' lang='lat' dir='ltr'><strong>illud</strong></span> <span class='ocrx_word' id='word_1_186' title='bbox 828 2011 891 2082; x_wconf 83' lang='lat' dir='ltr'><strong>luit,</strong></span> <span class='ocrx_word' id='word_1_187' title='bbox 914 2008 1134 2068; x_wconf 67' lang='lat' dir='ltr'><strong>sceleratissime</strong></span> <span class='ocrx_word' id='word_1_188' title='bbox 1148 2019 1186 2073; x_wconf 72' lang='lat'><strong>20</strong></span> 
     </span>
     <span class='ocr_line' id='line_1_22' title="bbox 143 2089 1136 2168; baseline -0.004 -20"><span class='ocrx_word' id='word_1_189' title='bbox 143 2091 298 2168; x_wconf 86' lang='lat' dir='ltr'><strong>praeluisti:</strong></span> <span class='ocrx_word' id='word_1_190' title='bbox 320 2103 370 2149; x_wconf 85' lang='lat' dir='ltr'><strong>tua</strong></span> <span class='ocrx_word' id='word_1_191' title='bbox 384 2091 432 2148; x_wconf 86' lang='lat' dir='ltr'><strong>illa</strong></span> <span class='ocrx_word' id='word_1_192' title='bbox 448 2089 568 2166; x_wconf 88' lang='lat' dir='ltr'><strong>pulcbra</strong></span> <span class='ocrx_word' id='word_1_193' title='bbox 583 2089 720 2160; x_wconf 85' lang='lat' dir='ltr'><strong>laudatio,</strong></span> <span class='ocrx_word' id='word_1_194' title='bbox 731 2099 782 2146; x_wconf 91' lang='lat' dir='ltr'><strong>tua</strong></span> <span class='ocrx_word' id='word_1_195' title='bbox 794 2090 951 2159; x_wconf 87' lang='lat' dir='ltr'><strong>miseratio,</strong></span> <span class='ocrx_word' id='word_1_196' title='bbox 965 2102 1016 2146; x_wconf 88' lang='lat' dir='ltr'><strong>tua</strong></span> <span class='ocrx_word' id='word_1_197' title='bbox 1037 2089 1136 2145; x_wconf 87' lang='lat' dir='ltr'><strong>cohor·</strong></span> 
     </span>
     <span class='ocr_line' id='line_1_23' title="bbox 143 2167 1137 2246; baseline -0.004 -19"><span class='ocrx_word' id='word_1_198' title='bbox 143 2172 220 2229; x_wconf 85' lang='lat' dir='ltr'><strong>tatio.</strong></span> <span class='ocrx_word' id='word_1_199' title='bbox 264 2171 324 2242; x_wconf 86' lang='lat' dir='ltr'><strong>Tu,</strong></span> <span class='ocrx_word' id='word_1_200' title='bbox 339 2182 380 2241; x_wconf 91' lang='lat' dir='ltr'><strong>tu,</strong></span> <span class='ocrx_word' id='word_1_201' title='bbox 396 2170 522 2246; x_wconf 88' lang='lat' dir='ltr'><strong>inquam,</strong></span> <span class='ocrx_word' id='word_1_202' title='bbox 537 2167 600 2227; x_wconf 91' lang='lat' dir='ltr'><strong>illas</strong></span> <span class='ocrx_word' id='word_1_203' title='bbox 622 2168 702 2227; x_wconf 87' lang='lat' dir='ltr'><strong>faces</strong></span> <span class='ocrx_word' id='word_1_204' title='bbox 723 2167 888 2238; x_wconf 89' lang='lat' dir='ltr'><strong>incendisti,</strong></span> <span class='ocrx_word' id='word_1_205' title='bbox 909 2179 939 2224; x_wconf 94' lang='lat' dir='ltr'><strong>et</strong></span> <span class='ocrx_word' id='word_1_206' title='bbox 959 2187 1019 2236; x_wconf 87' lang='lat' dir='ltr'><strong>eas,</strong></span> <span class='ocrx_word' id='word_1_207' title='bbox 1032 2167 1137 2241; x_wconf 87' lang='lat' dir='ltr'><strong>quibus</strong></span> 
     </span>
     <span class='ocr_line' id='line_1_24' title="bbox 143 2245 1138 2324; baseline -0.007 -17"><span class='ocrx_word' id='word_1_208' title='bbox 143 2251 359 2308; x_wconf 80' lang='lat' dir='ltr'><strong>semiustulatus</strong></span> <span class='ocrx_word' id='word_1_209' title='bbox 374 2250 421 2307; x_wconf 91' lang='lat' dir='ltr'><strong>ille</strong></span> <span class='ocrx_word' id='word_1_210' title='bbox 435 2260 488 2320; x_wconf 88' lang='lat' dir='ltr'><strong>est,</strong></span> <span class='ocrx_word' id='word_1_211' title='bbox 503 2258 533 2305; x_wconf 88' lang='lat' dir='ltr'><strong>et</strong></span> <span class='ocrx_word' id='word_1_212' title='bbox 553 2268 612 2319; x_wconf 83' lang='lat' dir='ltr'><strong>aas,</strong></span> <span class='ocrx_word' id='word_1_213' title='bbox 627 2248 733 2324; x_wconf 90' lang='lat' dir='ltr'><strong>quibus</strong></span> <span class='ocrx_word' id='word_1_214' title='bbox 753 2249 874 2303; x_wconf 87' lang='lat' dir='ltr'><strong>incensa</strong></span> <span class='ocrx_word' id='word_1_215' title='bbox 894 2245 928 2303; x_wconf 94' lang='lat' dir='ltr'><strong>L.</strong></span> <span class='ocrx_word' id='word_1_216' title='bbox 945 2245 1068 2303; x_wconf 88' lang='lat' dir='ltr'><strong>Bellieni</strong></span> <span class='ocrx_word' id='word_1_217' title='bbox 1088 2245 1138 2301; x_wconf 93' lang='lat' dir='ltr'><strong>do·</strong></span> 
     </span>
     <span class='ocr_line' id='line_1_25' title="bbox 144 2324 1136 2405; baseline -0.005 -20"><span class='ocrx_word' id='word_1_218' title='bbox 144 2348 207 2386; x_wconf 91' lang='lat' dir='ltr'><strong>mus</strong></span> <span class='ocrx_word' id='word_1_219' title='bbox 228 2328 404 2405; x_wconf 84' lang='lat' dir='ltr'><strong>deflagravit.</strong></span> <span class='ocrx_word' id='word_1_220' title='bbox 447 2328 496 2386; x_wconf 93' lang='lat' dir='ltr'><strong>Tu</strong></span> <span class='ocrx_word' id='word_1_221' title='bbox 512 2328 573 2385; x_wconf 86' lang='lat' dir='ltr'><strong>illos</strong></span> <span class='ocrx_word' id='word_1_222' title='bbox 592 2328 716 2403; x_wconf 88' lang='lat' dir='ltr'><strong>impetus</strong></span> <span class='ocrx_word' id='word_1_223' title='bbox 729 2325 905 2401; x_wconf 87' lang='lat' dir='ltr'><strong>perditorum</strong></span> <span class='ocrx_word' id='word_1_224' title='bbox 922 2324 1082 2394; x_wconf 88' lang='lat' dir='ltr'><strong>hominum,</strong></span> <span class='ocrx_word' id='word_1_225' title='bbox 1096 2334 1136 2394; x_wconf 83' lang='lat' dir='ltr'><strong>et,</strong></span> 
     </span>
    </p>

    <p class='ocr_par' dir='ltr' id='par_1_4' title="bbox 72 2402 1187 2545">
     <span class='ocr_line' id='line_1_26' title="bbox 72 2402 1187 2483; baseline -0.005 -18"><span class='ocrx_word' id='word_1_226' title='bbox 72 2449 76 2456; x_wconf 83' lang='lat'><em>·</em></span> <span class='ocrx_word' id='word_1_227' title='bbox 144 2428 178 2465; x_wconf 87' lang='lat' dir='ltr'><strong>ex</strong></span> <span class='ocrx_word' id='word_1_228' title='bbox 193 2409 319 2466; x_wconf 74' lang='lat' dir='ltr'><strong>maxima</strong></span> <span class='ocrx_word' id='word_1_229' title='bbox 334 2418 424 2483; x_wconf 88' lang='lat' dir='ltr'><strong>parte,</strong></span> <span class='ocrx_word' id='word_1_230' title='bbox 438 2426 595 2477; x_wconf 88' lang='lat' dir='ltr'><strong>servorum,</strong></span> <span class='ocrx_word' id='word_1_231' title='bbox 610 2425 681 2482; x_wconf 91' lang='lat' dir='ltr'><strong>quos</strong></span> <span class='ocrx_word' id='word_1_232' title='bbox 696 2424 748 2463; x_wconf 84' lang='lat' dir='ltr'><strong>nos</strong></span> <span class='ocrx_word' id='word_1_233' title='bbox 762 2405 790 2462; x_wconf 83' lang='lat' dir='ltr'><strong>vi</strong></span> <span class='ocrx_word' id='word_1_234' title='bbox 804 2423 948 2481; x_wconf 85' lang='lat' dir='ltr'><strong>manuque</strong></span> <span class='ocrx_word' id='word_1_235' title='bbox 969 2402 1136 2481; x_wconf 89' lang='lat' dir='ltr'><strong>repulimus,</strong></span> <span class='ocrx_word' id='word_1_236' title='bbox 1150 2402 1187 2457; x_wconf 76' lang='lat'><strong>25</strong></span> 
     </span>
     <span class='ocr_line' id='line_1_27' title="bbox 145 2486 580 2545; baseline -0.002 -1"><span class='ocrx_word' id='word_1_237' title='bbox 145 2487 173 2544; x_wconf 94' lang='lat' dir='ltr'><strong>in</strong></span> <span class='ocrx_word' id='word_1_238' title='bbox 188 2498 300 2545; x_wconf 88' lang='lat' dir='ltr'><strong>nostras</strong></span> <span class='ocrx_word' id='word_1_239' title='bbox 314 2487 414 2544; x_wconf 91' lang='lat' dir='ltr'><strong>domos</strong></span> <span class='ocrx_word' id='word_1_240' title='bbox 429 2486 580 2543; x_wconf 90' lang='lat' dir='ltr'><strong>immisisti.</strong></span> 
     </span>
    </p>

    <p class='ocr_par' dir='ltr' id='par_1_5' title="bbox 144 2562 1187 3193">
     <span class='ocr_line' id='line_1_28' title="bbox 183 2562 1136 2641; baseline -0.003 -18"><span class='ocrx_word' id='word_1_241' title='bbox 183 2566 267 2623; x_wconf 91' lang='lat' dir='ltr'><strong>Idem</strong></span> <span class='ocrx_word' id='word_1_242' title='bbox 288 2577 398 2636; x_wconf 91' lang='lat' dir='ltr'><strong>tamen,</strong></span> <span class='ocrx_word' id='word_1_243' title='bbox 419 2566 501 2641; x_wconf 82' lang='lat' dir='ltr'><strong>quasi</strong></span> <span class='ocrx_word' id='word_1_244' title='bbox 531 2564 650 2640; x_wconf 83' lang='lat' dir='ltr'><strong>fuligine</strong></span> <span class='ocrx_word' id='word_1_245' title='bbox 675 2563 814 2635; x_wconf 65' lang='lat' dir='ltr'><strong>abstersi,</strong></span> <span class='ocrx_word' id='word_1_246' title='bbox 834 2562 951 2640; x_wconf 87' lang='lat' dir='ltr'><strong>reliquis</strong></span> <span class='ocrx_word' id='word_1_247' title='bbox 976 2562 1079 2621; x_wconf 89' lang='lat' dir='ltr'><strong>diebus</strong></span> <span class='ocrx_word' id='word_1_248' title='bbox 1106 2562 1136 2620; x_wconf 95' lang='lat' dir='ltr'><strong>in</strong></span> 
     </span>
     <span class='ocr_line' id='line_1_29' title="bbox 144 2642 1137 2721; baseline -0.001 -19"><span class='ocrx_word' id='word_1_249' title='bbox 144 2645 288 2721; x_wconf 86' lang='lat' dir='ltr'><strong>Capitolio</strong></span> <span class='ocrx_word' id='word_1_250' title='bbox 302 2644 440 2721; x_wconf 72' lang='lat' dir='ltr'><strong>praeclara</strong></span> <span class='ocrx_word' id='word_1_251' title='bbox 453 2644 716 2702; x_wconf 70' lang='lat' dir='ltr'><strong>sensatim-consulta</strong></span> <span class='ocrx_word' id='word_1_252' title='bbox 736 2643 839 2715; x_wconf 79' lang='lat' dir='ltr'><strong>fecisti,</strong></span> <span class='ocrx_word' id='word_1_253' title='bbox 855 2662 892 2701; x_wconf 88' lang='lat' dir='ltr'><strong>ne</strong></span> <span class='ocrx_word' id='word_1_254' title='bbox 912 2662 969 2719; x_wconf 86' lang='lat' dir='ltr'><strong>que</strong></span> <span class='ocrx_word' id='word_1_255' title='bbox 982 2653 1045 2718; x_wconf 89' lang='lat' dir='ltr'><strong>post</strong></span> <span class='ocrx_word' id='word_1_256' title='bbox 1066 2642 1137 2701; x_wconf 86' lang='lat' dir='ltr'><strong>ldus</strong></span> 
     </span>
     <span class='ocr_line' id='line_1_30' title="bbox 145 2722 1137 2799; baseline -0.003 -18"><span class='ocrx_word' id='word_1_257' title='bbox 145 2723 266 2781; x_wconf 87' lang='lat' dir='ltr'><strong>Martias</strong></span> <span class='ocrx_word' id='word_1_258' title='bbox 287 2723 476 2781; x_wconf 90' lang='lat' dir='ltr'><strong>immunitatis</strong></span> <span class='ocrx_word' id='word_1_259' title='bbox 496 2722 605 2793; x_wconf 87' lang='lat' dir='ltr'><strong>tabula,</strong></span> <span class='ocrx_word' id='word_1_260' title='bbox 620 2722 882 2799; x_wconf 86' lang='lat' dir='ltr'><strong>neve-cujusquam</strong></span> <span class='ocrx_word' id='word_1_261' title='bbox 904 2722 1049 2791; x_wconf 87' lang='lat' dir='ltr'><strong>beneficii,</strong></span> <span class='ocrx_word' id='word_1_262' title='bbox 1068 2722 1137 2798; x_wconf 84' lang='lat' dir='ltr'><strong>lige·</strong></span> 
     </span>
     <span class='ocr_line' id='line_1_31' title="bbox 144 2797 1187 2877; baseline -0.009 -17"><span class='ocrx_word' id='word_1_263' title='bbox 144 2815 230 2861; x_wconf 91' lang='lat' dir='ltr'><strong>retur.</strong></span> <span class='ocrx_word' id='word_1_264' title='bbox 273 2802 434 2861; x_wconf 87' lang='lat' dir='ltr'><strong>Meministi</strong></span> <span class='ocrx_word' id='word_1_265' title='bbox 458 2802 528 2877; x_wconf 87' lang='lat' dir='ltr'><strong>ipse,</strong></span> <span class='ocrx_word' id='word_1_266' title='bbox 551 2802 587 2858; x_wconf 89' lang='lat' dir='ltr'><strong>de</strong></span> <span class='ocrx_word' id='word_1_267' title='bbox 607 2801 765 2869; x_wconf 84' lang='lat' dir='ltr'><strong>exsulibus,</strong></span> <span class='ocrx_word' id='word_1_268' title='bbox 789 2802 858 2871; x_wconf 88' lang='lat' dir='ltr'><strong>sois,</strong></span> <span class='ocrx_word' id='word_1_269' title='bbox 882 2800 919 2857; x_wconf 90' lang='lat' dir='ltr'><strong>de</strong></span> <span class='ocrx_word' id='word_1_270' title='bbox 944 2800 1135 2869; x_wconf 87' lang='lat' dir='ltr'><strong>immunitate,</strong></span> <span class='ocrx_word' id='word_1_271' title='bbox 1149 2797 1187 2851; x_wconf 87' lang='grc'><strong>30</strong></span> 
     </span>
     <span class='ocr_line' id='line_1_32' title="bbox 144 2878 1138 2958; baseline -0.007 -19"><span class='ocrx_word' id='word_1_272' title='bbox 144 2882 212 2958; x_wconf 89' lang='lat' dir='ltr'><strong>quid</strong></span> <span class='ocrx_word' id='word_1_273' title='bbox 226 2881 342 2939; x_wconf 87' lang='lat' dir='ltr'><strong>dixeris.</strong></span> <span class='ocrx_word' id='word_1_274' title='bbox 384 2880 533 2957; x_wconf 89' lang='lat' dir='ltr'><strong>Optimum</strong></span> <span class='ocrx_word' id='word_1_275' title='bbox 549 2879 626 2951; x_wconf 82' lang='lat' dir='ltr'><strong>verb,</strong></span> <span class='ocrx_word' id='word_1_276' title='bbox 640 2880 717 2956; x_wconf 82' lang='lat' dir='ltr'><strong>qubd</strong></span> <span class='ocrx_word' id='word_1_277' title='bbox 732 2880 883 2936; x_wconf 66' lang='lat' dir='ltr'><strong>dictaturae</strong></span> <span class='ocrx_word' id='word_1_278' title='bbox 904 2897 1009 2935; x_wconf 90' lang='lat' dir='ltr'><strong>nomen</strong></span> <span class='ocrx_word' id='word_1_279' title='bbox 1024 2878 1054 2933; x_wconf 95' lang='lat' dir='ltr'><strong>in</strong></span> <span class='ocrx_word' id='word_1_280' title='bbox 1074 2897 1138 2953; x_wconf 88' lang='lat' dir='ltr'><strong>per·</strong></span> 
     </span>
     <span class='ocr_line' id='line_1_33' title="bbox 145 2955 1136 3036; baseline -0.008 -17"><span class='ocrx_word' id='word_1_281' title='bbox 145 2973 262 3036; x_wconf 87' lang='lat' dir='ltr'><strong>petnum</strong></span> <span class='ocrx_word' id='word_1_282' title='bbox 284 2962 319 3017; x_wconf 92' lang='lat' dir='ltr'><strong>de</strong></span> <span class='ocrx_word' id='word_1_283' title='bbox 341 2960 490 3035; x_wconf 68' lang='lat' dir='ltr'><strong>republicis</strong></span> <span class='ocrx_word' id='word_1_284' title='bbox 511 2958 658 3015; x_wconf 90' lang='lat' dir='ltr'><strong>sustulisti.</strong></span> <span class='ocrx_word' id='word_1_285' title='bbox 700 2958 772 3019; x_wconf 78' lang='lat' dir='ltr'><strong>Quo</strong></span> <span class='ocrx_word' id='word_1_286' title='bbox 790 2956 907 3031; x_wconf 89' lang='lat' dir='ltr'><strong>quidem</strong></span> <span class='ocrx_word' id='word_1_287' title='bbox 929 2955 1004 3012; x_wconf 86' lang='lat' dir='ltr'><strong>lacto</strong></span> <span class='ocrx_word' id='word_1_288' title='bbox 1024 2966 1136 3011; x_wconf 84' lang='lat' dir='ltr'><strong>tantum</strong></span> 
     </span>
     <span class='ocr_line' id='line_1_34' title="bbox 146 3034 1137 3115; baseline -0.009 -18"><span class='ocrx_word' id='word_1_289' title='bbox 146 3052 173 3097; x_wconf 89' lang='lat' dir='ltr'><strong>te</strong></span> <span class='ocrx_word' id='word_1_290' title='bbox 194 3042 306 3115; x_wconf 87' lang='lat' dir='ltr'><strong>cepisse</strong></span> <span class='ocrx_word' id='word_1_291' title='bbox 326 3040 424 3097; x_wconf 91' lang='lat' dir='ltr'><strong>odium</strong></span> <span class='ocrx_word' id='word_1_292' title='bbox 445 3038 527 3115; x_wconf 83' lang='lat' dir='ltr'><strong>regni</strong></span> <span class='ocrx_word' id='word_1_293' title='bbox 549 3038 711 3105; x_wconf 87' lang='lat' dir='ltr'><strong>videbatur,</strong></span> <span class='ocrx_word' id='word_1_294' title='bbox 732 3044 764 3091; x_wconf 89' lang='lat' dir='ltr'><strong>nt</strong></span> <span class='ocrx_word' id='word_1_295' title='bbox 784 3034 847 3110; x_wconf 85' lang='lat' dir='ltr'><strong>ejus</strong></span> <span class='ocrx_word' id='word_1_296' title='bbox 875 3051 1003 3103; x_wconf 90' lang='lat' dir='ltr'><strong>omnem,</strong></span> <span class='ocrx_word' id='word_1_297' title='bbox 1023 3042 1137 3107; x_wconf 87' lang='lat' dir='ltr'><strong>propter</strong></span> 
     </span>
     <span class='ocr_line' id='line_1_35' title="bbox 145 3116 761 3193; baseline -0.015 -17"><span class='ocrx_word' id='word_1_298' title='bbox 145 3120 303 3193; x_wconf 85' lang='lat' dir='ltr'><strong>proximum</strong></span> <span class='ocrx_word' id='word_1_299' title='bbox 319 3118 500 3187; x_wconf 86' lang='lat' dir='ltr'><strong>dictatorem,</strong></span> <span class='ocrx_word' id='word_1_300' title='bbox 515 3116 629 3173; x_wconf 84' lang='lat' dir='ltr'><strong>tolleres</strong></span> <span class='ocrx_word' id='word_1_301' title='bbox 643 3124 761 3170; x_wconf 89' lang='lat' dir='ltr'><strong>metum.</strong></span> 
     </span>
    </p>

    <p class='ocr_par' dir='ltr' id='par_1_6' title="bbox 144 3186 1188 3984">
     <span class='ocr_line' id='line_1_36' title="bbox 184 3186 1187 3271; baseline -0.012 -16"><span class='ocrx_word' id='word_1_302' title='bbox 184 3198 351 3256; x_wconf 85' lang='lat' dir='ltr'><strong>Constituta</strong></span> <span class='ocrx_word' id='word_1_303' title='bbox 365 3195 528 3271; x_wconf 84' lang='lat' dir='ltr'><strong>respublica</strong></span> <span class='ocrx_word' id='word_1_304' title='bbox 539 3194 688 3251; x_wconf 85' lang='lat' dir='ltr'><strong>videbatur</strong></span> <span class='ocrx_word' id='word_1_305' title='bbox 705 3190 778 3261; x_wconf 87' lang='lat' dir='ltr'><strong>aliis,</strong></span> <span class='ocrx_word' id='word_1_306' title='bbox 790 3189 861 3246; x_wconf 89' lang='lat' dir='ltr'><strong>mibi</strong></span> <span class='ocrx_word' id='word_1_307' title='bbox 874 3186 942 3245; x_wconf 85' lang='lat' dir='ltr'><strong>verd</strong></span> <span class='ocrx_word' id='word_1_308' title='bbox 952 3187 1031 3245; x_wconf 91' lang='lat' dir='ltr'><strong>nullo</strong></span> <span class='ocrx_word' id='word_1_309' title='bbox 1042 3187 1136 3254; x_wconf 90' lang='lat' dir='ltr'><strong>modo,</strong></span> <span class='ocrx_word' id='word_1_310' title='bbox 1151 3197 1187 3250; x_wconf 86' lang='lat'><strong>35</strong></span> 
     </span>
     <span class='ocr_line' id='line_1_37' title="bbox 144 3266 1138 3352; baseline -0.011 -18"><span class='ocrx_word' id='word_1_311' title='bbox 144 3277 192 3352; x_wconf 91' lang='lat' dir='ltr'><strong>qui</strong></span> <span class='ocrx_word' id='word_1_312' title='bbox 212 3276 321 3345; x_wconf 89' lang='lat' dir='ltr'><strong>omnia,</strong></span> <span class='ocrx_word' id='word_1_313' title='bbox 336 3285 364 3332; x_wconf 91' lang='lat' dir='ltr'><strong>te</strong></span> <span class='ocrx_word' id='word_1_314' title='bbox 385 3276 576 3352; x_wconf 85' lang='lat' dir='ltr'><strong>gubernante,</strong></span> <span class='ocrx_word' id='word_1_315' title='bbox 597 3269 751 3347; x_wconf 84' lang='lat' dir='ltr'><strong>naufragia</strong></span> <span class='ocrx_word' id='word_1_316' title='bbox 776 3268 948 3327; x_wconf 90' lang='lat' dir='ltr'><strong>metuebam.</strong></span> <span class='ocrx_word' id='word_1_317' title='bbox 991 3266 1070 3323; x_wconf 92' lang='lat' dir='ltr'><strong>Num</strong></span> <span class='ocrx_word' id='word_1_318' title='bbox 1092 3285 1138 3323; x_wconf 90' lang='lat' dir='ltr'><strong>me</strong></span> 
     </span>
     <span class='ocr_line' id='line_1_38' title="bbox 147 3345 1138 3432; baseline -0.01 -20"><span class='ocrx_word' id='word_1_319' title='bbox 147 3356 232 3432; x_wconf 83' lang='lat' dir='ltr'><strong>igitur</strong></span> <span class='ocrx_word' id='word_1_320' title='bbox 253 3355 378 3412; x_wconf 70' lang='lat' dir='ltr'><strong>fefellit?</strong></span> <span class='ocrx_word' id='word_1_321' title='bbox 401 3363 450 3410; x_wconf 90' lang='lat' dir='ltr'><strong>aut</strong></span> <span class='ocrx_word' id='word_1_322' title='bbox 470 3371 539 3409; x_wconf 92' lang='lat' dir='ltr'><strong>num</strong></span> <span class='ocrx_word' id='word_1_323' title='bbox 561 3350 669 3407; x_wconf 89' lang='lat' dir='ltr'><strong>diutius</strong></span> <span class='ocrx_word' id='word_1_324' title='bbox 690 3348 736 3405; x_wconf 87' lang='lat' dir='ltr'><strong>sui</strong></span> <span class='ocrx_word' id='word_1_325' title='bbox 761 3348 853 3425; x_wconf 92' lang='lat' dir='ltr'><strong>potuit</strong></span> <span class='ocrx_word' id='word_1_326' title='bbox 880 3366 943 3404; x_wconf 89' lang='lat' dir='ltr'><strong>esse</strong></span> <span class='ocrx_word' id='word_1_327' title='bbox 970 3345 1138 3403; x_wconf 90' lang='lat' dir='ltr'><strong>dissimilisl</strong></span> 
     </span>
     <span class='ocr_line' id='line_1_39' title="bbox 145 3426 1139 3510; baseline -0.012 -19"><span class='ocrx_word' id='word_1_328' title='bbox 145 3433 380 3510; x_wconf 85' lang='lat' dir='ltr'><strong>Inspectantibus</strong></span> <span class='ocrx_word' id='word_1_329' title='bbox 401 3432 490 3501; x_wconf 85' lang='lat' dir='ltr'><strong>vobis,</strong></span> <span class='ocrx_word' id='word_1_330' title='bbox 511 3440 570 3487; x_wconf 91' lang='lat' dir='ltr'><strong>toto</strong></span> <span class='ocrx_word' id='word_1_331' title='bbox 591 3428 735 3504; x_wconf 82' lang='lat' dir='ltr'><strong>Capitolio</strong></span> <span class='ocrx_word' id='word_1_332' title='bbox 756 3428 861 3485; x_wconf 81' lang='lat' dir='ltr'><strong>tabutae</strong></span> <span class='ocrx_word' id='word_1_333' title='bbox 881 3426 1061 3503; x_wconf 86' lang='lat' dir='ltr'><strong>figebantur:</strong></span> <span class='ocrx_word' id='word_1_334' title='bbox 1088 3443 1139 3479; x_wconf 87' lang='lat' dir='ltr'><strong>ne·</strong></span> 
     </span>
     <span class='ocr_line' id='line_1_40' title="bbox 144 3502 1138 3588; baseline -0.011 -18"><span class='ocrx_word' id='word_1_335' title='bbox 144 3532 198 3588; x_wconf 90' lang='lat' dir='ltr'><strong>que</strong></span> <span class='ocrx_word' id='word_1_336' title='bbox 212 3509 306 3569; x_wconf 76' lang='lat' dir='ltr'><strong>solnm</strong></span> <span class='ocrx_word' id='word_1_337' title='bbox 326 3511 448 3587; x_wconf 83' lang='lat' dir='ltr'><strong>singulis</strong></span> <span class='ocrx_word' id='word_1_338' title='bbox 469 3509 605 3566; x_wconf 83' lang='lat' dir='ltr'><strong>venibant</strong></span> <span class='ocrx_word' id='word_1_339' title='bbox 627 3508 832 3577; x_wconf 86' lang='lat' dir='ltr'><strong>immunitates,</strong></span> <span class='ocrx_word' id='word_1_340' title='bbox 845 3507 896 3563; x_wconf 88' lang='lat' dir='ltr'><strong>sed</strong></span> <span class='ocrx_word' id='word_1_341' title='bbox 917 3505 1005 3563; x_wconf 88' lang='lat' dir='ltr'><strong>etiam</strong></span> <span class='ocrx_word' id='word_1_342' title='bbox 1025 3502 1138 3579; x_wconf 89' lang='lat' dir='ltr'><strong>populis</strong></span> 
     </span>
     <span class='ocr_line' id='line_1_41' title="bbox 145 3581 1188 3663; baseline -0.008 -14"><span class='ocrx_word' id='word_1_343' title='bbox 145 3591 295 3649; x_wconf 80' lang='lat' dir='ltr'><strong>universis.</strong></span> <span class='ocrx_word' id='word_1_344' title='bbox 337 3590 448 3648; x_wconf 87' lang='lat' dir='ltr'><strong>Civitas</strong></span> <span class='ocrx_word' id='word_1_345' title='bbox 462 3606 520 3645; x_wconf 94' lang='lat' dir='ltr'><strong>non</strong></span> <span class='ocrx_word' id='word_1_346' title='bbox 538 3587 597 3662; x_wconf 85' lang='lat' dir='ltr'><strong>jam</strong></span> <span class='ocrx_word' id='word_1_347' title='bbox 619 3586 798 3663; x_wconf 85' lang='lat' dir='ltr'><strong>singillatim,</strong></span> <span class='ocrx_word' id='word_1_348' title='bbox 811 3586 861 3642; x_wconf 89' lang='lat' dir='ltr'><strong>sed</strong></span> <span class='ocrx_word' id='word_1_349' title='bbox 884 3582 1039 3659; x_wconf 86' lang='lat' dir='ltr'><strong>provinciis</strong></span> <span class='ocrx_word' id='word_1_350' title='bbox 1059 3581 1136 3652; x_wconf 90' lang='lat' dir='ltr'><strong>totis,</strong></span> <span class='ocrx_word' id='word_1_351' title='bbox 1151 3588 1188 3641; x_wconf 76' lang='lat' dir='ltr'><strong>tu</strong></span> 
     </span>
     <span class='ocr_line' id='line_1_42' title="bbox 144 3660 1138 3744; baseline -0.012 -16"><span class='ocrx_word' id='word_1_352' title='bbox 144 3672 275 3728; x_wconf 85' lang='lat' dir='ltr'><strong>dabatur.</strong></span> <span class='ocrx_word' id='word_1_353' title='bbox 319 3668 432 3744; x_wconf 89' lang='lat' dir='ltr'><strong>ltaque,</strong></span> <span class='ocrx_word' id='word_1_354' title='bbox 447 3667 472 3725; x_wconf 92' lang='lat' dir='ltr'><strong>si</strong></span> <span class='ocrx_word' id='word_1_355' title='bbox 486 3667 549 3723; x_wconf 79' lang='lat' dir='ltr'><strong>heac</strong></span> <span class='ocrx_word' id='word_1_356' title='bbox 565 3678 683 3721; x_wconf 85' lang='lat' dir='ltr'><strong>manent</strong></span> <span class='ocrx_word' id='word_1_357' title='bbox 698 3664 775 3739; x_wconf 75' lang='lat' dir='ltr'><strong>(que</strong></span> <span class='ocrx_word' id='word_1_358' title='bbox 795 3673 889 3720; x_wconf 88' lang='lat' dir='ltr'><strong>stante</strong></span> <span class='ocrx_word' id='word_1_359' title='bbox 910 3660 1059 3737; x_wconf 72' lang='lat' dir='ltr'><strong>republica</strong></span> <span class='ocrx_word' id='word_1_360' title='bbox 1080 3679 1138 3717; x_wconf 87' lang='lat' dir='ltr'><strong>rna·</strong></span> 
     </span>
     <span class='ocr_line' id='line_1_43' title="bbox 145 3739 1134 3825; baseline -0.013 -18"><span class='ocrx_word' id='word_1_361' title='bbox 145 3770 214 3807; x_wconf 88' lang='lat' dir='ltr'><strong>nere</strong></span> <span class='ocrx_word' id='word_1_362' title='bbox 237 3769 295 3807; x_wconf 93' lang='lat' dir='ltr'><strong>non</strong></span> <span class='ocrx_word' id='word_1_363' title='bbox 317 3748 461 3825; x_wconf 82' lang='lat' dir='ltr'><strong>possunt),</strong></span> <span class='ocrx_word' id='word_1_364' title='bbox 483 3744 646 3821; x_wconf 86' lang='lat' dir='ltr'><strong>provincias</strong></span> <span class='ocrx_word' id='word_1_365' title='bbox 667 3743 825 3811; x_wconf 86' lang='lat' dir='ltr'><strong>universas,</strong></span> <span class='ocrx_word' id='word_1_366' title='bbox 846 3742 947 3798; x_wconf 89' lang='lat' dir='ltr'><strong>Patres</strong></span> <span class='ocrx_word' id='word_1_367' title='bbox 960 3739 1134 3814; x_wconf 86' lang='lat' dir='ltr'><strong>Conscripti,</strong></span> 
     </span>
     <span class='ocr_line' id='line_1_44' title="bbox 144 3819 1139 3903; baseline -0.013 -17"><span class='ocrx_word' id='word_1_368' title='bbox 144 3828 327 3903; x_wconf 83' lang='lat' dir='ltr'><strong>perdidistis:</strong></span> <span class='ocrx_word' id='word_1_369' title='bbox 350 3845 442 3901; x_wconf 84' lang='lat' dir='ltr'><strong>neque</strong></span> <span class='ocrx_word' id='word_1_370' title='bbox 458 3822 610 3901; x_wconf 86' lang='lat' dir='ltr'><strong>vectigalia</strong></span> <span class='ocrx_word' id='word_1_371' title='bbox 624 3821 728 3890; x_wconf 83' lang='lat' dir='ltr'><strong>solirm,</strong></span> <span class='ocrx_word' id='word_1_372' title='bbox 743 3820 793 3877; x_wconf 88' lang='lat' dir='ltr'><strong>sed</strong></span> <span class='ocrx_word' id='word_1_373' title='bbox 807 3820 895 3877; x_wconf 87' lang='lat' dir='ltr'><strong>etiam</strong></span> <span class='ocrx_word' id='word_1_374' title='bbox 917 3819 1068 3894; x_wconf 87' lang='lat' dir='ltr'><strong>imperium</strong></span> <span class='ocrx_word' id='word_1_375' title='bbox 1089 3838 1139 3896; x_wconf 90' lang='lat' dir='ltr'><strong>po-</strong></span> 
     </span>
     <span class='ocr_line' id='line_1_45' title="bbox 144 3898 1049 3984; baseline -0.012 -18"><span class='ocrx_word' id='word_1_376' title='bbox 144 3908 202 3984; x_wconf 90' lang='lat' dir='ltr'><strong>puli</strong></span> <span class='ocrx_word' id='word_1_377' title='bbox 216 3906 356 3978; x_wconf 88' lang='lat' dir='ltr'><strong>Romani,</strong></span> <span class='ocrx_word' id='word_1_378' title='bbox 371 3904 456 3981; x_wconf 84' lang='lat' dir='ltr'><strong>hujus</strong></span> <span class='ocrx_word' id='word_1_379' title='bbox 470 3902 636 3961; x_wconf 87' lang='lat' dir='ltr'><strong>domesticis</strong></span> <span class='ocrx_word' id='word_1_380' title='bbox 650 3899 789 3957; x_wconf 88' lang='lat' dir='ltr'><strong>nundinis</strong></span> <span class='ocrx_word' id='word_1_381' title='bbox 803 3898 983 3956; x_wconf 88' lang='lat' dir='ltr'><strong>deminutum</strong></span> <span class='ocrx_word' id='word_1_382' title='bbox 997 3908 1049 3955; x_wconf 87' lang='lat' dir='ltr'><strong>est.</strong></span> 
     </span>
    </p>
   </div>
   <div class='ocr_carea' id='block_1_3' title="bbox 0 0 1397 4425">
    <p class='ocr_par' dir='ltr' id='par_1_7' title="bbox 0 0 1397 4425">
     <span class='ocr_line' id='line_1_46' title="bbox 0 0 1397 4425; baseline 0 0"><span class='ocrx_word' id='word_1_383' title='bbox 0 0 1397 4425; x_wconf 95' lang='lat' dir='ltr'><strong> </strong></span> 
     </span>
    </p>
   </div>
  </div>
 </body>
</html>
