2775 4425
178 385 219 443 51
456 384 593 435 ORATIO
613 384 684 435 Pito
706 384 806 436 mot:
826 386 994 437 mantua.

267 531 335 589 lam
348 528 417 589 verb
431 530 472 588 ita
486 530 587 587 faciles
600 528 696 588 aditus
717 530 754 587 ad
773 548 841 586 eum
859 530 1045 606 privatorum,
1059 531 1100 588 ita
1117 532 1217 589 lrberae

227 610 413 683 querimonias
434 610 471 666 de
495 609 615 665 aliorum
639 609 761 683 injuriis,
779 628 844 666 esse
866 609 1020 677 dicuntur;
1050 620 1083 666 ut
1110 610 1144 681 is,
1166 610 1218 685 qui

228 688 369 764 dignitate
378 688 556 764 principibus
569 687 694 755 excellit,
709 686 847 744 facilitate
867 705 918 762 par
932 686 1040 744 infimis
1055 708 1120 745 esse
1138 690 1219 746 vide-

229 776 301 823 atur.
342 766 420 837 Jam,
433 762 573 841 quantum
597 766 727 835 oonsilio,
740 763 881 839 quantum
902 765 1020 822 dicendi
1033 768 1174 842 gravitate
1187 777 1219 823 et

195 847 214 899 5
228 845 311 920 cupii
324 846 428 915 valeat,
444 846 488 920 (in
501 863 558 919 quo
572 836 632 919 ipso
645 844 721 899 inest
732 844 864 917 quedam
877 844 1005 919 dignitas
1017 844 1216 922 imperatoria)

227 942 287 993 vos,
299 923 442 993 Quirites,
457 925 511 980 boc
525 923 586 997 ipso
600 922 629 978 in
642 921 708 979 loco
728 940 804 997 saepe
827 920 981 997 cognostis
1022 922 1127 979 Fidem
1146 923 1217 982 verb

228 1001 290 1077 ejus
314 1002 389 1059 iuter
415 1002 507 1059 socios
529 1010 666 1075 quantam
689 999 847 1056 existimari
868 1000 986 1075 putatis,
1010 1018 1097 1075 quam
1120 1002 1217 1060 hostes

227 1081 356 1137 omnium
369 1081 499 1157 gentium
512 1078 725 1135 sanctissimam
735 1078 916 1153 judicarint?
953 1078 1144 1137 Humanitete
1154 1080 1215 1156 jam

228 1158 309 1214 tanti
322 1169 376 1229 est,
391 1168 423 1214 ut
445 1158 563 1215 difficile
586 1156 666 1213 dictu
688 1158 735 1225 sit,
750 1153 847 1212 utritm
861 1157 957 1213 hostes
973 1157 1068 1233 magis
1081 1159 1215 1216 virtutem

180 1236 215 1289 10
228 1236 290 1312 ejus
303 1246 465 1313 pugnantes
477 1235 635 1306 timuerint,
650 1253 687 1291 an
701 1236 954 1292 mansuetudinem
967 1236 1037 1293 victi
1051 1237 1213 1295 dilexerint.

230 1314 268 1371 Et
289 1315 440 1390 quisquam
463 1312 615 1383 dubitabit,
628 1314 699 1388 quin
720 1313 790 1369 buic
809 1323 923 1369 tantum
946 1313 1054 1370 bellum
1072 1318 1217 1373 transmit·

228 1394 348 1450 tendum
362 1394 408 1464 sit,
422 1393 481 1468 qui,
497 1392 643 1450 adomnia
656 1402 760 1449 nostre
773 1393 919 1449 meritoriae
932 1391 1009 1449 bella
1022 1393 1215 1459 conficienda,

229 1472 326 1529 divino
335 1473 458 1548 quodam
472 1470 592 1529 consilio
605 1480 690 1528 natus
703 1488 766 1527 esse
780 1469 930 1527 videaturl

268 1550 336 1608 XV.
378 1551 426 1623 Et,
447 1551 582 1626 quoniam
606 1548 761 1606 auctoritas
783 1546 906 1605 multum
933 1548 963 1606 in
990 1549 1074 1607 bellis
1102 1570 1215 1626 quoqne

180 1628 215 1681 15
230 1630 463 1689 administrandis
485 1640 569 1703 atque
591 1626 711 1703 imperio
730 1627 847 1683 militari
873 1627 966 1697 vulet;
996 1628 1077 1686 certe
1103 1630 1215 1687 nemini

229 1708 349 1764 dubium
357 1718 410 1777 est,
424 1707 494 1783 quin
507 1707 544 1763 ea
557 1725 589 1765 re
603 1706 680 1762 idem
699 1706 750 1763 ille
769 1705 922 1781 imperator
942 1706 1097 1782 plurimum
1116 1710 1213 1783 possit

228 1785 423 1842 Vehementer
444 1795 540 1841 autern
559 1784 705 1859 pertinere
724 1784 761 1840 ud
784 1784 861 1841 bella
887 1785 1124 1857 administranda,
1144 1789 1214 1862 quid

228 1862 333 1931 hostes,
347 1863 416 1937 quid
437 1862 519 1931 socii,
533 1862 570 1919 de
593 1862 812 1936 imperatoribus
834 1863 935 1920 vestris
957 1864 1131 1935 existiment,
1149 1866 1215 1941 quis

228 1940 351 2016 ignorat,
365 1938 434 1997 cum
457 1940 593 2010 sciamus,
608 1940 739 1997 homines
761 1941 793 1997 in
814 1942 904 1998 tantis
927 1943 1022 2012 rebus,
1037 1955 1069 1999 ut
1084 1955 1134 1999 aut
1147 1963 1215 2001 con·

177 2018 214 2073 20
228 2028 367 2089 temnant,
382 2028 432 2077 aut
451 2029 590 2088 metuant,
605 2029 654 2075 aut
673 2019 797 2090 oderint,
812 2030 862 2076 aut
881 2030 988 2090 ament,
1000 2022 1136 2097 opinione
1155 2042 1213 2080 non

228 2096 324 2155 minus
338 2099 431 2169 same,
445 2096 531 2173 quim
547 2098 642 2173 aliqui
655 2100 736 2155 certi
753 2099 874 2169 ratione,
889 2101 1083 2157 commoverit
1123 2100 1213 2162 Quod

228 2175 316 2254 igitur
335 2197 440 2237 nomen
460 2196 587 2254 unquam
608 2178 638 2235 in
657 2178 728 2236 orbe
747 2186 887 2234 terrarum
908 2178 1015 2236 clarius
1035 2178 1109 2237 liiitl
1129 2180 1213 2255 cujus

228 2276 274 2314 res
287 2269 375 2334 geste
389 2259 491 2333 paresl
513 2258 549 2315 de
562 2277 619 2332 quo
632 2258 757 2326 bomine,
772 2276 821 2313 ros
835 2257 890 2331 (id,
903 2257 979 2332 quod
995 2257 1121 2315 maxime
1142 2260 1213 2317 facit

229 2337 442 2415 auctoritatem)
458 2345 539 2392 tanta
551 2346 648 2393 ettam
661 2335 801 2411 preclara
811 2335 923 2411 judicia
936 2336 1067 2393 lecistis?

176 2417 212 2470 25
266 2416 315 2471 An
329 2414 396 2472 vero
418 2415 506 2471 ullam
527 2431 646 2488 usquam
670 2433 734 2471 esse
755 2431 836 2471 oram
858 2424 917 2470 tam
940 2415 1082 2472 desertum
1095 2417 1210 2491 putatis,

226 2489 283 2564 quii
298 2510 354 2548 non
371 2493 447 2549 illius
470 2492 528 2548 diei
552 2492 629 2548 sama
649 2493 815 2566 pervaserit,
830 2489 897 2549 crim
921 2494 1071 2550 universus
1092 2496 1212 2571 populus

226 2567 387 2640 Romanus,
402 2570 506 2626 referto
523 2568 592 2640 foro,
606 2570 777 2645 repletisque
799 2571 933 2628 omnibus
955 2573 1078 2648 templis,
1092 2593 1128 2630 er
1150 2575 1212 2648 qui-

226 2645 280 2702 bus
294 2646 342 2704 hic
355 2648 435 2704 locus
449 2647 576 2723 conspici
590 2659 690 2723 potest,
700 2668 790 2705 unum
799 2648 855 2705 sibi
866 2650 903 2706 ad
916 2669 1069 2708 commuue
1081 2652 1210 2710 omniurn

226 2724 355 2798 gentium
382 2726 487 2783 bellum
515 2726 570 2783 Cn.
595 2726 763 2802 Pompeium
796 2728 995 2802 imperatorem
1027 2731 1209 2806 depoposcitl

175 2805 211 2858 30
227 2801 338 2877 Itaque,
351 2816 384 2862 ut
396 2805 478 2881 plura
491 2825 549 2863 non
563 2806 669 2876 dicam,
693 2825 787 2880 neque
810 2806 930 2864 aliorum
953 2809 1090 2882 exemplis
1110 2809 1211 2866 confir-

225 2899 312 2952 mem,
333 2882 473 2958 quantum
501 2885 656 2942 auctoritas
681 2884 777 2941 valeat
796 2884 827 2940 in
851 2884 927 2941 bello
934 2904 943 2954 ;
964 2886 1002 2941 ab
1027 2887 1129 2943 eodem
1153 2887 1208 2944 Cn.

225 2959 360 3038 Pompeio
372 2963 500 3021 omnium
515 2982 609 3021 rerum
623 2963 804 3040 egregiarum
825 2962 955 3038 exempla
974 2978 1140 3022 sumantur:
1160 2967 1209 3041 qui

224 3060 281 3115 quo
301 3041 348 3098 die
369 3061 386 3100 a
409 3043 488 3100 vobis
511 3043 654 3100 maritimo
682 3042 757 3099 bello
785 3042 951 3117 prepositus
976 3052 1021 3099 est
1046 3043 1208 3120 imperator,

225 3129 305 3177 tauta
323 3120 439 3197 repente
461 3122 554 3178 vilitas
576 3139 707 3190 annonae,
734 3139 771 3177 ex
789 3120 902 3176 summi
923 3120 1019 3196 inopiti
1038 3132 1068 3178 et
1088 3121 1209 3180 caritate

173 3198 208 3252 35
225 3198 266 3255 rei
281 3199 485 3270 frumentariis,
503 3211 658 3257 consecuta
679 3208 732 3268 est,
747 3199 833 3255 unius
855 3217 905 3272 spe
928 3210 958 3255 et
980 3200 1106 3270 nomine,
1119 3220 1210 3274 quan·

223 3287 282 3333 tarn
297 3278 343 3334 vix
364 3297 400 3334 ex
421 3277 533 3334 summit
554 3278 685 3335 ubertate
709 3295 841 3354 agrorum
863 3277 1000 3334 diuturna
1017 3297 1074 3354 pau
1092 3279 1209 3337 efficere

259 3355 367 3413 tuisset.

222 3375 339 3505 polain,
361 3432 480 3509 accepti
504 3433 534 3490 in
557 3433 649 3491 Ponto
668 3433 842 3503 calamitate,
862 3453 899 3491 ex
918 3453 954 3492 eo
971 3435 1081 3511 prelio,
1095 3437 1133 3493 de
1151 3455 1209 3512 quo

223 3533 272 3571 vos
290 3511 377 3589 paulb
399 3511 465 3571 ante
487 3512 592 3570 invitus
622 3511 767 3582 admonui,
789 3510 856 3569 cum
883 3513 954 3570 socii
982 3514 1206 3590 pertimuissent,

172 3587 207 3641 40
223 3593 345 3650 hostium
372 3612 439 3668 opes
460 3591 604 3666 animique
625 3591 790 3661 crevissent,
814 3591 884 3647 satis
902 3591 1016 3649 firmum
1042 3593 1206 3669 presidium

221 3670 368 3745 provincia
381 3691 437 3729 nou
452 3671 589 3740 baberet3
611 3669 778 3726 amisissetis
799 3669 911 3740 Asiam,
924 3669 1067 3741 Quirites,
1081 3671 1148 3740 nisi,
1170 3673 1206 3728 ed

222 3749 251 3805 id
266 3747 357 3821 ipsum
376 3750 520 3824 temporis,
535 3749 671 3816 divinitus
690 3748 746 3804 Cn.
761 3746 927 3822 Pompeium
948 3750 985 3806 ad
1004 3767 1056 3806 eas
1074 3750 1207 3826 regiones

221 3826 333 3884 fortuna
347 3828 442 3900 populi
457 3827 582 3885 Romani
605 3827 752 3884 attulisset
793 3825 890 3901 Hujus
911 3828 1049 3884 adventus
1061 3838 1098 3885 ‘et
1118 3827 1207 3885 Mith-

221 3902 342 3960 ridatem
358 3903 471 3959 insoliti
482 3904 689 3961 inflammatum
700 3904 819 3961 victorii
830 3904 981 3976 continuit,
990 3915 1021 3964 et
1033 3905 1205 3983 Tigranem,
