2775 4425
183 367 239 426 160
467 365 603 416 ORATIO
626 365 663 414 IN
686 364 724 414 Μ.
746 364 952 414 ANTONIUM.

229 509 393 566 faciendum
410 529 466 566 non
481 519 583 586 potest,
599 529 636 566 ne
658 518 753 566 metus
766 508 882 583 quidem
906 527 923 564 a
945 506 1110 564 soedissimis
1135 505 1226 563 sactis

228 600 320 664 potest
336 591 478 646 avocarel
519 589 635 646 Judicia
651 608 708 645 uon
728 588 840 644 metuis.
884 588 916 643 Si
930 597 1043 662 propter
1058 586 1226 642 innocenti-

229 686 285 736 am,
300 669 400 724 laudo:
430 668 453 723 si
478 679 591 744 propter
605 687 671 738 vim
687 686 744 723 non
768 666 915 742 intelligis,
936 666 1037 740 ei,qui
1060 665 1114 722 isto
1135 665 1225 721 modo

232 745 342 821 judicia
358 766 414 803 non
431 747 539 817 timeat,
555 747 641 836 quid
638 713 799 803 tiinendum
814 745 868 802 sitl

196 829 214 880 5
267 824 358 886 Quod
381 826 405 881 si
420 845 476 882 non
499 826 602 882 metuis
618 826 691 882 viros
713 825 808 895 fortes,
829 823 1016 900 egregiosque
1039 822 1117 880 cives
1119 819 1223 898 ,qudd

230 923 380 979 acorpore
401 914 450 961 tuo
471 905 657 979 prohibentur
679 903 779 973 armis;
804 904 845 959 tui
860 914 898 973 te,
913 903 983 959 mihi
998 903 1095 971 crede,
1110 869 1224 958 diutius

229 1003 286 1040 ιιοιι
303 984 402 1040 serent.
453 983 531 1044 Quae
554 994 598 1040 est
622 993 718 1040 autem
740 982 807 1053 vita,
828 982 891 1038 dies
911 993 940 1038 et
961 993 1062 1038 noctes
1082 981 1182 1037 timere
1203 999 1225 1037 a

229 1062 308 1118 suisl
332 1063 385 1118 nisi
401 1061 468 1120 verb
481 1072 530 1119 aut
541 1062 697 1138 majoribus
711 1062 799 1118 babes
811 1060 960 1117 beneficiis
970 1061 1120 1136 obligatos,
1131 1057 1223 1135 quam

230 1141 277 1198 ille
292 1142 429 1216 quosdam
451 1141 551 1198 habuit
571 1161 607 1198 ex
628 1141 672 1211 iis,
688 1160 705 1197 a
724 1140 828 1214 quibus
848 1151 892 1196 est
907 1139 1091 1208 interfectus;
1124 1151 1174 1195 aut
1188 1150 1223 1196 tu

182 1217 214 1270 1⁰
230 1239 261 1276 es
286 1220 343 1276 ullal
368 1239 398 1276 re
423 1239 490 1276 cum
515 1240 550 1277 eo
572 1220 790 1295 comparandus.
833 1218 902 1275 Fuit
927 1219 955 1274 in
981 1219 1030 1274 illo
1057 1218 1221 1294 ingenium,

230 1299 312 1369 ratio,
327 1299 474 1370 memoria,
496 1299 597 1369 literae,
618 1318 699 1369 cura,
721 1298 867 1374 cogitatio,
888 1297 1055 1374 diligentia:
1085 1316 1131 1353 res
1145 1297 1224 1354 bello

230 1388 368 1454 gesserat,
390 1378 519 1453 quamvls
539 1378 705 1453 reipublicae
726 1377 918 1446 calamitosas,
939 1388 1065 1433 attamen
1081 1395 1222 1451 magnas:

231 1459 336 1514 multos
358 1477 447 1514 annos
471 1476 592 1533 regnare
613 1457 767 1512 meditatus
769 1475 897 1531 ,magno
917 1455 1014 1511 labore
1017 1455 1153 1531 ,magnis
1173 1474 1224 1530 pe-

231 1536 340 1606 riculis
354 1537 436 1626 quod
458 1538 608 1613 cogitarat,
629 1536 782 1592 effecerat:
816 1534 994 1604 muneribus,
1014 1535 1222 1605 monumentis,

183 1619 216 1671 15
232 1616 397 1704 congiariis,
425 1617 526 1690 epulis,
556 1615 768 1672 multitudinem
790 1614 951 1703 imperitam
979 1579 1118 1670 l'enierat:
1153 1633 1224 1670 suos

231 1695 366 1768 praemiis,
395 1695 571 1751 adversarios
599 1693 760 1750 clementiae
784 1693 894 1784 specie,
915 1692 1091 1748 devinxerat.
1137 1693 1223 1754 Quid

232 1773 341 1828 multat
374 1773 540 1829 attulerat
529 1792 588 1848 jam
611 1773 709 1830 liberae
736 1772 855 1844 civitati,
875 1771 979 1847 partim
1007 1781 1096 1842 metu,
1116 1772 1223 1848 partim

230 1850 379 1924 patientia,
395 1851 635 1908 consuetudinem
650 1852 801 1908 serviendi.

270 1928 381 1986 XLVI.
422 1929 498 1986 Cum
521 1931 568 1987 illo
589 1949 643 2006 ego
670 1942 699 1987 te
720 1930 888 1988 dominandi
910 1929 1068 2004 cupiditate
1089 1883 1223 1987 conferre

180 2005 216 2059 20
231 2025 362 2082 possum;
388 2009 499 2066 caeteris
527 2008 593 2067 verb
615 2010 701 2066 rebus
726 2011 805 2068 nullo
832 2010 917 2066 modo
942 2028 974 2065 es
1002 2010 1223 2097 comparandae.

153 2088 156 2093 ’
232 2087 301 2157 Sed,
313 2106 349 2144 ex
363 2089 492 2164 plurimis
503 2089 595 2160 malie,
605 2107 667 2164 quae
684 2089 779 2146 abillo
793 2088 958 2163 reipublicae
970 2098 1036 2144 sunt
1050 2087 1156 2158 inusta,
1166 2089 1225 2146 boc

232 2176 328 2225 tamen
344 2167 411 2225 boni
425 2179 468 2227 est
471 2167 568 2246 ‚qudd
583 2168 707 2227 didicit
696 2188 756 2246 Jam
770 2168 891 2259 populus
905 2167 1067 2237 Romanus,
1082 2179 1224 2243 quantum

232 2247 337 2337 cuique
359 2250 499 2321 crederet,
520 2249 624 2325 quibus
645 2268 675 2306 se
697 2249 898 2318 committeret,
924 2266 941 2303 a
967 2248 1071 2323 quibus
1098 2258 1215 2304 caveret

232 2325 327 2383 Haec
321 2328 415 2403 igitur
422 2349 479 2386 non
494 2329 626 2425 cogitasl
648 2348 704 2385 nec
724 2327 870 2403 intelligis,
885 2326 955 2383 satis
974 2346 1037 2383 esse
1058 2326 1126 2383 viris
1147 2327 1227 2383 sorti-

182 2411 218 2463 25
233 2404 286 2461 bus
300 2406 435 2464 didicisse
439 2406 545 2483 ,quam
568 2408 603 2464 sit
618 2427 647 2465 re
668 2408 830 2483 pulchrum,
847 2405 988 2462 beneficio
1007 2415 1131 2481 gratum,
1148 2406 1226 2462 lama

231 2482 396 2557 gloriosum,
407 2496 561 2560 tyrannum
575 2487 728 2544 occideret
770 2488 829 2555 An,
841 2504 909 2541 cum
924 2484 1004 2541 illum
1020 2485 1151 2541 homiues
1165 2504 1226 2542 non

231 2561 358 2632 tulerint,
373 2573 402 2619 te
424 2563 536 2621 lerentl
577 2566 717 2622 Certatim
737 2566 858 2641 posthac
880 2563 1087 2653 (mihicrede)
1111 2564 1146 2621 ad
1169 2565 1227 2622 boc

231 2658 303 2713 opus
317 2653 464 2710 curretur;
486 2662 542 2701 nec
556 2644 720 2701 occasionis
734 2644 853 2702 tarditas
866 2642 1088 2718 exspectabitur.

272 2718 411 2794 Respice,
425 2741 532 2797 quaeso
549 2723 702 2799 aliqnando
722 2722 941 2813 rempublicam,
957 2720 998 2777 M.
1014 2719 1142 2778 Antoni:
1164 2721 1228 2797 qui·

182 2798 218 2853 30
233 2796 286 2853 bus
305 2809 385 2855 ortus
406 2801 454 2872 sis,
468 2821 527 2858 non
548 2804 721 2877 quibuscum
742 2802 830 2871 vivas,
852 2801 1022 2858 considera:
1044 2819 1172 2871 mecum,
1194 2811 1228 2858 ut

232 2878 326 2947 voles;
349 2898 415 2936 cum
438 2847 586 2956 ιἐιιιιὶιίὶοῆ
607 2882 697 2939 redi
690 2902 720 2939 ιιι
742 2881 873 2957 gratiam.
916 2881 975 2937 Sed
995 2881 1031 2936 de
1060 2891 1087 2937 te
1108 2890 1140 2935 tu
1162 2879 1226 2955 ipse

232 2922 354 3016 videris:
386 2979 441 3037 ego
461 2962 497 3018 de
519 2980 564 3017 me
585 2962 646 3037 ipso
665 2961 827 3037 profitebor.
868 2959 994 3016 Defendi
1015 2958 1227 3034 rempublicam

234 3038 419 3109 adolescens;
441 3060 499 3097 non
512 3040 640 3097 deseram
651 3060 739 3097 senex
750 3060 756 3097 :
778 3038 938 3114 contempsi
948 3038 1083 3095 Catilina
1094 3037 1207 3114 gladios
1218 3057 1225 3107 ;

233 3136 292 3175 non
307 3119 508 3193 pertimescam
526 3130 597 3177 tuos.
639 3119 825 3181 Quinetiam
847 3137 951 3193 corpus
971 3118 1094 3173 libenter
1114 3117 1228 3174 obtule-

183 3205 219 3259 35
234 3196 297 3267 rim,
317 3197 341 3253 si
362 3199 561 3274 representari
583 3209 672 3256 morte
694 3198 759 3255 med
780 3198 897 3254 libertas
917 3197 1042 3254 civitatis
1061 3206 1171 3271 potest3
1194 3206 1228 3253 ut

234 3243 393 3367 aliqirando
402 3278 481 3335 dolor
501 3278 598 3353 populi
613 3278 741 3334 Romani
762 3278 864 3352 pariat,
879 3277 954 3351 quod
967 3276 1077 3366 jamdiu
1092 3276 1225 3350 parturit

233 3354 393 3413 Etenim
372 3376 406 3427 ιι,
422 3356 529 3413 abhinc
550 3376 641 3414 annos
662 3375 750 3433 prope
771 3356 883 3433 viginti,
899 3356 982 3412 boc
975 3375 1036 3430 rpso
1057 3354 1087 3411 in
1108 3354 1226 3429 templo,

233 3436 337 3525 negavi
348 3455 429 3511 posse
439 3451 559 3493 mortem
571 3435 754 3531 immaturam
765 3455 828 3492 esse
837 3434 998 3491 consulari·
992 3443 1121 3509 ,quanto
1130 3432 1228 3490 verilis

233 3534 313 3573 nunc
323 3516 445 3591 negabo
461 3515 544 3572 senil
532 3513 660 3571 Mihi
673 3534 752 3585 vero
765 3514 864 3571 Patres
876 3512 1073 3588 Conscrrptr
1063 3531 1123 3588 Jam
1138 3512 1227 3569 etiam

184 3597 219 3650 40
234 3596 358 3670 optanda
379 3614 454 3651 mors
475 3605 527 3665 est,
549 3594 702 3689 perfuncto
729 3594 856 3650 rebus'
839 3614 883 3663 ns,
904 3612 976 3668 quas
1004 3593 1125 3681 adeptus
1152 3610 1228 3661 sum,

233 3693 359 3749 quasque
373 3693 458 3748 gessr
481 3675 547 3731 Duo
563 3671 647 3730 modo
660 3674 724 3729 haec
737 3685 819 3749 opto
842 3692 942 3743 unum,
954 3683 986 3728 ut
1000 3690 1125 3727 moriens
1139 3690 1230 3745 popu

235 3752 291 3807 lum
316 3752 481 3810 Romanum
503 3754 624 3810 liberum
646 3753 820 3827 relinquam3
843 3752 898 3809 boc
920 3718 990 3807 niibi
1012 3750 1105 3840 majus
1126 3749 1230 3806 alliis

235 3829 442 3888 immortalibus
454 3833 515 3889 dari
529 3833 599 3889 nihil
615 3841 722 3907 potest:
745 3832 876 3902 alterum,
889 3841 920 3888 ut
933 3830 973 3888 ita
987 3830 1092 3905 cuique
1102 3829 1229 3903 eveniat,

234 3914 266 3958 ut
279 3906 315 3959 de
329 3909 478 3980 republica
492 3910 611 3985 quisque
625 3920 778 3967 mereatur.
