2775 4425
360 352 496 403 ORATIO
519 354 588 405 PRO
610 356 710 407 REGE
732 356 926 408 oelo‘rnuo

148 500 231 561 niurn
247 516 337 568 arma,
352 506 452 555 contra
465 516 496 556 se
510 518 599 557 unum
621 500 770 560 excitaret
809 500 948 563 Quonam
972 500 1022 560 ille
1044 501 1140 574 modo,

148 598 218 637 cum
240 597 340 654 regno,
361 594 428 634 cum
452 577 545 649 domo,
567 598 635 636 curn
655 580 788 657 conjuge,
812 599 880 638 cum
898 580 1048 641 carissimo
1071 580 1140 653 tilio,

149 658 306 775 ὤεῑῃοῑυέ
326 664 411 727 esset,
426 664 506 715 tanto
529 657 638 715 scelere
660 678 717 715 non
732 658 816 716 modo
831 658 967 735 perfecto,
981 661 1032 719 sed
1052 660 1141 717 etiam

150 746 320 871 oogllllmdt
336 810 449 891 (oredo)
465 814 528 871 haec
547 814 633 874 homo
647 816 826 874 inconsultus
845 824 875 875 et
893 816 1063 875 temerarius
1082 837 1139 876 non
1171 826 1189 879 5

150 894 275 951 videbat.
315 890 394 953 Quis
407 892 613 951 consideratior
634 894 705 952 illot
728 892 806 971 [quis
825 896 927 953 tectior
937 896 964 975 l]
992 895 1058 971 quis
1076 914 1142 972 pru·

150 971 286 1030 dentiorl
307 988 470 1046 quanquam
485 972 618 1031 hocloco
631 972 800 1032 Deiotarum
820 984 952 1033 nontam
975 974 1093 1053 ingenio
1111 985 1141 1033 et

147 1050 313 1127 prudentia,
335 1048 421 1123 qudm
443 1049 499 1107 fide
519 1060 548 1107 et
570 1052 709 1128 religione
728 1052 803 1123 vitai,
830 1053 1044 1111 defendendum
1062 1064 1139 1130 puto.

149 1129 230 1187 Nota
243 1128 297 1185 tibi
317 1136 369 1199 est,
384 1128 439 1185 Cai
453 1129 561 1200 Caesar,
578 1130 700 1188 hominis
719 1132 854 1208 probitas,
875 1130 935 1189 noti
955 1150 1058 1203 mores,
1073 1143 1141 1191 nota

148 1207 320 1265 constantia.
362 1206 418 1263 Cui
432 1227 523 1282 porro,
538 1207 586 1283 qui
602 1208 686 1267 modo
700 1210 797 1287 populi
820 1210 947 1269 Romani
969 1230 1075 1269 nomen
1091 1230 1140 1269 au·
1158 1216 1189 1270 to

148 1286 230 1357 divit,
246 1285 374 1343 Deiotari
396 1285 554 1362 integritas,
576 1288 711 1363 gravitas,
736 1289 835 1361 virtus,
856 1290 939 1359 tides,
961 1308 1018 1347 non
1041 1289 1140 1347 audita

148 1367 215 1423 estl
256 1364 346 1425 Quod
361 1364 446 1440 igitur
462 1365 573 1423 lacinus
588 1385 643 1424 uec
658 1367 687 1425 in
709 1368 853 1425 hominem
868 1368 1078 1443 imprudentem
1092 1386 1141 1425 oa·

147 1445 218 1501 dere
231 1453 326 1519 posset
339 1454 450 1519 propter
474 1454 581 1501 metum
603 1446 752 1521 praesentis
773 1445 864 1517 exitii,
879 1464 935 1503 uec
956 1445 986 1502 in
1001 1445 1140 1503 facinoro-

147 1541 223 1593 sum,
238 1520 294 1579 nisi
308 1532 383 1579 esset
398 1521 473 1579 idem
488 1524 711 1594 amentissimus,
726 1524 756 1581 id
769 1543 819 1581 vos
832 1534 861 1582 et
875 1543 893 1581 a
906 1524 967 1582 viro
978 1523 1095 1599 optimo,
1110 1534 1140 1581 et

149 1603 186 1658 ab
201 1600 316 1658 homine
330 1599 449 1658 minime
464 1602 560 1672 stulto,
574 1602 732 1679 cogitatum
747 1622 810 1661 esse
824 1602 996 1679 confingitis.
1154 1607 1189 1661 15

188 1681 230 1738 At
253 1677 339 1755 qulm
364 1699 419 1737 non
445 1679 529 1737 modo
553 1700 610 1737 non
634 1681 821 1753 credibiliter,
843 1682 893 1739 sed
916 1700 953 1739 ne
979 1678 1137 1757 suspiciose

148 1758 283 1833 quidem!
333 1758 419 1828 Cum,
442 1758 543 1833 inquit,
566 1760 594 1817 in
615 1760 766 1818 castellum
787 1760 928 1819 Luceium
950 1760 1086 1830 venisses,
1107 1769 1138 1817 ot

148 1837 265 1895 domurn
280 1836 365 1913 regis,
381 1836 497 1913 hospitis
514 1838 566 1908 tui,
581 1838 753 1910 divertisses,
768 1840 850 1897 locus
872 1849 934 1897 erat
957 1838 1085 1913 quidam,
1106 1839 1136 1897 iu

148 1935 204 1990 quo
218 1925 300 1973 erant
314 1934 349 1972 ea
363 1916 528 1991 composita,
543 1916 647 1990 quibus
661 1938 710 1975 rer
724 1929 752 1975 te
772 1938 924 1977 munerare
938 1917 1134 1976 constituerat

148 1994 219 2053 Huc
239 2004 268 2052 te
296 2014 313 2051 e
340 1995 453 2065 balneo,
474 1995 638 2071 priusquam
668 1998 865 2067 accumberes,
886 1998 994 2054 ducere
1014 1997 1134 2054 volebat
1148 1996 1186 2051 20

148 2074 241 2131 Erant
261 2072 338 2131 enim
353 2073 464 2145 armati,
479 2072 570 2149 quite
591 2074 796 2145 interficerent,
811 2076 840 2133 in
861 2095 897 2133 eo
917 2075 977 2151 ipso
996 2074 1059 2131 loco
1079 2075 1136 2131 eol·

146 2153 243 2211 locati.
286 2152 331 2211 En
346 2152 466 2224 crimen,
480 2172 516 2213 en
531 2172 630 2225 causa,
646 2172 699 2211 cur
712 2172 810 2230 regem
825 2154 971 2231 fugitivus,
986 2152 1134 2209 dominum

146 2253 256 2303 servus,
272 2243 396 2290 accuset.
438 2232 511 2308 Ego,
535 2232 730 2309 (mehercule)
754 2232 810 2290 Cei
831 2233 941 2302 Caesar,
955 2231 1047 2300 initio,
1068 2229 1136 2286 olim

145 2322 190 2369 est
211 2313 248 2368 ad
268 2329 315 2368 me
335 2311 391 2368 ista
411 2331 500 2369 causa
520 2313 625 2383 delata,
646 2312 821 2387 Phidippum
842 2311 998 2379 medicum,
1021 2327 1135 2366 servum

146 2391 269 2468 regium,
293 2391 342 2466 qui
366 2409 433 2447 oum
454 2391 556 2466 legetis
578 2391 680 2448 missus
707 2401 793 2462 esset,
814 2390 851 2448 ab
879 2389 934 2446 isto
954 2389 1136 2446 adolescente
1149 2391 1185 2446 25

146 2489 209 2526 esse
231 2480 405 2545 corruptum,
430 2471 486 2526 hac
515 2469 677 2546 suspicione
707 2489 770 2528 sum
799 2488 968 2546 percussus:
990 2467 1135 2525 medicum

146 2548 274 2606 indicem
288 2548 470 2606 subornabit:
492 2548 581 2625 finget
602 2548 736 2607 videlicet
757 2549 870 2624 aliquod
891 2549 1001 2606 crimen
1021 2546 1133 2604 veneni.

145 2626 222 2684 Etsi
238 2645 255 2684 a
268 2627 387 2684 veritate
401 2627 496 2704 longe,
511 2637 608 2685 tamen
623 2646 640 2685 a
660 2629 868 2687 consuetudine
882 2626 1056 2687 criminandi
1077 2647 1134 2685 non

145 2703 279 2776 multdm,
294 2725 339 2763 res
355 2706 532 2763 abhorrebat.

184 2784 268 2846 Quid
283 2784 322 2842 ait
336 2785 487 2842 medicusl
508 2785 578 2844 nihil
589 2787 625 2843 de
634 2806 752 2844 veneno.
794 2789 835 2845 At
849 2786 877 2844 id
892 2785 954 2843 fieri
967 2785 1068 2862 potuit,
1079 2784 1134 2861 pri·
1146 2787 1184 2841 3⁰

144 2861 204 2934 md,
218 2861 362 2920 occultihs
376 2863 406 2920 in
427 2865 551 2939 potione,
566 2865 608 2922 vel
632 2866 662 2922 in
686 2866 770 2924 cibo:
791 2866 907 2934 deinde,
928 2865 1016 2920 etiam
1041 2862 1132 2938 impu·

143 2940 213 2999 nius
236 2942 277 3012 fit,
291 2943 377 3016 quod,
400 2941 467 3000 chm
489 2953 532 3000 est
556 2943 674 3014 lactum,
689 2944 789 3019 negari
803 2953 902 3018 potest
944 2941 977 2997 Si
989 2938 1085 3015 paldm
1105 2949 1134 2996 te

144 3020 348 3092 interemisset,
368 3021 497 3078 omnium
525 3021 554 3080 in
581 3043 612 3079 se
633 3022 763 3098 gentium
790 3040 847 3078 non
867 3017 960 3076 solium
985 3017 1062 3086 odia,
1083 3017 1134 3073 sed

144 3099 234 3157 etiam
266 3117 354 3171 arma,
376 3101 580 3158 convertisset:
610 3101 634 3157 si
657 3118 785 3167 venen03
814 3097 894 3155 lovis
915 3095 992 3152 illius
1018 3094 1135 3168 quidem

143 3177 293 3254 hospitalis
306 3197 413 3236 numen
434 3198 581 3254 nunquam
602 3179 699 3236 celare
712 3176 865 3252 potuisset;
887 3174 1017 3231 homines
1032 3173 1134 3230 'sortas-
1147 3185 1183 3238 35

126 3277 176 3314 ,se
203 3256 363 3314 celavisset
403 3258 493 3319 Quod
515 3259 602 3335 igitur
624 3267 653 3314 et
679 3253 823 3314 occultirls
843 3252 952 3325 conari,
970 3263 999 3310 et
1019 3251 1134 3309 efficere

143 3334 270 3406 cautius,
284 3337 391 3412 potuit;
414 3336 442 3393 id
457 3337 520 3407 tibi,
534 3347 563 3394 et
578 3336 691 3394 medico
711 3335 826 3406 callido,
840 3344 869 3393 et
889 3353 976 3391 servo·
995 3330 1041 3408 (ut
1054 3340 1135 3406 puta·

142 3415 207 3491 bat)
224 3414 311 3484 fideli,
326 3435 383 3473 uon
397 3415 536 3485 credidit;
551 3416 588 3472 de
602 3415 699 3486 armis,
714 3415 750 3472 de
761 3414 844 3486 ferro,
855 3415 892 3472 de
907 3411 1027 3482 insidiis,
1039 3408 1134 3467 celare

143 3503 172 3552 te
187 3493 299 3551 noluitl
341 3495 382 3551 At
396 3492 482 3568 qu'am
497 3493 596 3552 festive
612 3494 721 3552 crimen
737 3494 913 3552 contexitur!
956 3491 1025 3548 'l'ua
1038 3500 1077 3558 te,
1093 3488 1133 3544 in-

142 3572 215 3647 quit,
226 3573 339 3644 eadem,
354 3592 417 3647 quse
432 3591 553 3649 semper,
568 3572 681 3630 fortuna
702 3573 842 3643 serravit;
862 3569 1003 3647 negavisti
1023 3577 1085 3624 tum
1105 3577 1133 3625 te
1147 3577 1183 3630 40

143 3651 286 3727 inspicere
300 3653 381 3710 velle.

183 3730 254 3788 VII.
281 3730 364 3791 Quid
385 3733 507 3806 posteat
549 3730 597 3786 An
618 3728 782 3800 Deiotarus,
809 3749 841 3786 re
862 3728 910 3786 illo
929 3738 1055 3802 tempore
1075 3745 1132 3782 non

142 3810 281 3886 perfecta,
297 3808 434 3868 continuo
449 3809 558 3865 dimisit
579 3807 758 3866 exercituml
778 3808 875 3865 nullus
896 3816 958 3865 erat
979 3805 1052 3863 alius
1067 3805 1134 3861 insi·

142 3887 243 3945 diandi
266 3889 366 3946 locust
408 3889 449 3946 At
473 3886 576 3945 eodem
598 3897 636 3957 te,
661 3885 729 3944 ohm
756 3884 940 3959 coenavisses,
953 3885 1132 3944 redditurum
