2775 4425
192 374 233 433 82
454 370 591 419 ORATIO
613 368 683 418 PRO
706 368 804 417 REGE
827 368 1021 417 DEIOTARO

280 512 435 591 Ignosce(
429 532 555 589 ignosce,
570 511 717 582 Caesar,
694 532 718 568 si
741 511 803 586 ejus
827 511 879 568 viri
901 509 1063 568 auctoritati
1079 530 1128 567 rex
1141 510 1226 568 Deio·

241 603 319 649 tarus
343 594 438 662 cessit,
453 611 537 669 quern
562 611 613 648 nos
636 610 735 647 omnes
754 590 845 647 secuti
866 609 981 645 sumus:
1003 590 1033 645 in
1053 607 1137 664 quem
1159 587 1224 646 clun

241 671 291 728 Dii
316 681 400 745 atque
424 638 552 727 liomines
573 669 670 726 omnia
690 680 858 725 ornamenta
872 668 1092 744 congessissent,
1114 678 1175 724 tum
1195 678 1226 725 tu

242 750 301 825 ipse
321 749 444 825 plurima
463 759 492 804 et
519 748 651 804 maxima.
693 746 798 820 Neque
824 747 912 814 enim,
940 746 963 801 si
991 756 1046 803 tuae
1074 765 1120 802 res
1139 757 1227 822 gestae

209 834 410 886 5caeterorum
437 826 570 883 laudibus
603 825 807 882 obscuritatem
842 791 1007 894 attulerunt,
1035 824 1144 881 idcirco
1171 825 1226 880 Cn.

241 906 368 981 Pompeii
391 904 556 963 memoriam
578 904 733 961 amisimus.
774 903 927 964 Quantum
942 921 1044 960 nomen
1056 902 1118 977 ejus
1132 902 1227 972 fuerit,

241 995 355 1059 quantae
369 982 445 1059 opes,
460 994 567 1057 quanta
589 982 618 1039 in
639 982 718 1040 omni
724 1000 841 1076 genere
861 982 999 1038 bellorum
1012 981 1119 1070 gloria,
1128 981 1227 1068 quanti

242 1064 363 1121 honores
377 1062 470 1137 populi
482 1061 608 1117 Romani
611 1061 731 1135 ,quanti
745 1061 871 1130 senatiis,
886 1060 984 1135 quanti
1006 1060 1047 1115 tui
1051 1060 1136 1133 ‚quis
1152 1059 1230 1134 igno·

243 1142 306 1198 ratl
347 1140 445 1198 Tanto
466 1140 513 1196 ille
527 1140 685 1214 superiores
699 1140 807 1195 vicerat
820 1139 921 1215 gloria,
931 1149 1037 1226 quanto
1051 1148 1081 1195 tu
1095 1133 1240 1194 omnibus¹

197 1221 228 1273 lt)
242 1219 404 1297 prestitisti.
446 1218 547 1292 Itaque
569 1217 623 1274 Cn.
639 1217 766 1293 Pompeii
789 1218 874 1287 bella,
898 1216 1040 1286 victorias,
1061 1216 1228 1291 triumphos,

243 1299 417 1368 consulatus,
440 1297 614 1357 admirantes
634 1296 872 1366 numerabamus;
893 1306 957 1352 tuos
981 1313 1150 1352 enumerare
1170 1314 1229 1351 nou

242 1396 399 1454 possumus.
1149 1374 1152 1380 ’

283 1456 319 1513 V.
355 1455 402 1512 Ad
416 1473 482 1512 eum
498 1454 584 1529 igitur
605 1472 655 1509 rex
678 1452 831 1510 Deiotarus
849 1452 937 1522 venit,
951 1452 1006 1509 hoc
1020 1452 1125 1509 misero
1139 1451 1232 1508 fatali-

243 1554 298 1610 que
313 1534 398 1603 bello,
411 1552 496 1608 quem
522 1542 605 1589 antea
624 1531 708 1606 justis
730 1530 935 1605 hostilibusque
957 1530 1039 1587 bellis
1063 1531 1229 1605 adjuverat;

197 1626 229 1679 15
244 1632 366 1687 quocum
382 1622 442 1669 erat
456 1631 513 1669 non
536 1610 656 1698 hospitio
678 1608 780 1679 solum,
795 1628 894 1668 verum
915 1609 1002 1665 etiam
1023 1608 1229 1679 familiaritate,

244 1692 429 1766 conjunctus3
451 1700 479 1745 et
503 1687 580 1744 venit
594 1688 637 1743 vel
660 1699 785 1764 rogatus,
799 1698 831 1743 ut
853 1687 979 1756 amicus;
1000 1687 1043 1743 vel
1065 1687 1230 1758 arcessitus,

244 1780 275 1825 ut
290 1770 400 1836 socius;
423 1768 464 1824 vel
489 1777 633 1835 evocatus,
656 1776 688 1822 ut
710 1766 796 1840 isqui
816 1766 928 1823 senatui
949 1784 1049 1840 parere
1062 1765 1229 1823 didicisset:

242 1845 385 1931 postremo
401 1846 488 1914 venit,
503 1853 534 1900 ut
549 1845 584 1900 ad
604 1810 771 1919 fugientem,
786 1864 843 1901 nou
865 1854 897 1900 ut
920 1845 956 1900 ad
977 1844 1185 1918 insequentem,
1200 1845 1230 1901 id

244 1936 296 1994 est,
312 1924 347 1980 ad
361 1923 491 1999 periculi,
507 1941 563 1980 non
586 1922 621 1978 ad
636 1923 773 1992 victoriae,
796 1923 972 1981 societatem.
1015 1922 1126 1995 ltaque,
1141 1922 1231 1980 Phar·

193 2011 229 2063 20
244 2003 334 2059 salico
344 2002 446 2078 proelio
461 2002 546 2070 facto,
562 2020 579 2058 a
593 2000 729 2076 Pompeio
748 2001 898 2059 discessit:
919 2020 998 2075 spem
1013 2001 1154 2058 infinitam
1167 2021 1231 2077 per-

243 2080 323 2155 sequi
338 2079 444 2138 noluit:
466 2080 509 2137 vel
524 2080 628 2149 officio,
643 2079 666 2135 si
688 2080 756 2154 quid
781 2079 929 2150 debuerat,
943 2080 986 2136 vel
1009 2080 1107 2151 errori,
1122 2080 1146 2137 si
1160 2082 1230 2155 quid

244 2161 397 2231 nescierat,
413 2159 591 2217 satisfactum
606 2177 669 2216 esse
682 2158 780 2216 duxit:
801 2159 916 2216 domurn
931 2178 962 2216 se
984 2160 1121 2217 contulit:
1143 2169 1229 2234 teque

243 2205 471 2298 Alexandrinum
496 2239 602 2296 bellum
625 2248 752 2315 gerente,
767 2237 939 2294 utilitatibus
959 2238 1017 2294 turs
1029 2238 1132 2314 paruit
1175 2237 1229 2295 Ille

242 2320 399 2377 exercitum
424 2319 478 2376 Cn.
502 2317 632 2387 Domitii,
656 2316 821 2391 amplissimi
844 2314 907 2387 viri,
922 2316 981 2373 suis
998 2317 1084 2374 tectis
1098 2327 1127 2374 et
1140 2317 1230 2392 copiis

193 2404 228 2456 25
242 2399 430 2455 sustentavit:
452 2396 499 2452 ille
522 2396 667 2470 Ephesum
693 2395 729 2451 ad
752 2414 829 2464 eum,
853 2414 938 2468 quem
962 2405 992 2451 tu
1006 2415 1042 2452 ex
1055 2395 1230 2452 tuisfidelis·

242 2475 346 2532 simum
361 2489 389 2531 et
402 2473 633 2549 probatissimum
651 2474 785 2531 omnibus
807 2440 950 2550 delegisti,
964 2474 1118 2549 pecuniam
1132 2474 1227 2530 misit:

243 2553 290 2609 ille
306 2553 418 2622 iterum,
433 2551 480 2608 ille
495 2551 590 2621 tertid,
606 2552 787 2609 auctionibus
802 2552 894 2622 lactis,
909 2552 1062 2627 pecuniam
1073 2553 1162 2623 dedit,
1171 2553 1228 2626 qud

243 2631 277 2686 ad
294 2630 398 2686 bellurn
414 2629 550 2686 utereris:
573 2630 620 2686 ille
636 2648 739 2705 corpus
753 2649 836 2687 suum
850 2630 978 2706 periculo
990 2630 1106 2706 objecit,
1120 2642 1229 2688 tecum·

242 2727 297 2781 que
319 2708 346 2765 in
373 2708 436 2764 acie
458 2718 558 2765 contra
581 2708 761 2766 Pharnacem
786 2706 856 2778 fuit;
878 2719 1015 2784 tuumque
1036 2711 1145 2767 hostem
1165 2729 1228 2767 esse

192 2789 227 2842 30
242 2787 322 2842 duxit
336 2805 428 2842 suum.
469 2786 547 2848 Qua
560 2788 676 2862 quidem
699 2797 757 2844 ate
772 2787 801 2845 in
815 2806 880 2845 eam
894 2797 1002 2863 partem
1017 2799 1137 2864 accepta
1150 2798 1227 2859 sunt,

242 2864 297 2922 Cai
311 2864 419 2936 Caesar,
434 2875 465 2922 ut
476 2884 543 2923 eum
566 2866 739 2942 amplissimo
759 2866 836 2943 regis
858 2866 964 2923 honore
987 2876 1017 2924 et
1030 2867 1146 2925 nomine
1161 2867 1229 2924 affc-

242 2962 324 3002 cens.
409 2993 413 3001 .

281 3023 312 3080 Is
326 3023 422 3100 igitur,
436 3043 492 3081 non
508 3021 592 3080 modd
607 3043 625 3080 a
638 3033 666 3080 te
687 3021 815 3098 periculo
837 3022 984 3096 liberatus,
999 3024 1049 3081 sed
1071 3024 1158 3082 etiam
1179 3025 1227 3081 ho·

241 3121 310 3160 nore
333 3103 510 3178 amplissimo
528 3112 654 3172 ornatus,
681 3101 808 3176 arguitur
829 3102 906 3158 domi
933 3112 962 3171 m
985 3122 1043 3160 suae
1065 3102 1228 3160 interlicere

192 3184 227 3238 35
242 3181 380 3238 voluisse:
402 3181 477 3254 quod
490 3191 531 3251 tu,
546 3179 601 3237 nisi
625 3198 691 3236 eum
715 3179 930 3237 furiosissimum
949 3181 1073 3269 judicas,
1087 3181 1227 3257 suspicari

241 3257 367 3335 prosectd
383 3279 439 3316 non
459 3269 545 3333 putes.
587 3257 626 3314 Ut
648 3257 727 3314 enim
747 3257 887 3328 omittam,
911 3277 993 3334 quus
1014 3260 1085 3316 tanti
1109 3260 1227 3317 sceleris

242 3337 359 3407 luerit,
352 3356 381 3394 ru
396 3345 549 3411 conspectu
566 3334 691 3395 Deorum
714 3337 859 3425 penatium
882 3356 987 3395 necare
1001 3338 1156 3429 hospitem;
1178 3357 1227 3395 cu·

239 3435 286 3492 Jus
299 3425 385 3472 tantae
409 3413 639 3490 importunitatis,
653 3415 781 3470 omnium
805 3415 934 3504 gentium
957 3417 1149 3490 atqueomnis
1170 3435 1228 3474 me-

242 3495 338 3552 moriae
352 3492 542 3552 clarissimum
554 3493 650 3549 lumen
660 3493 858 3582 exstinguere3
873 3493 1050 3569 cujustantae
1060 3494 1226 3567 ferocitatis,

193 3578 226 3630 to
242 3574 378 3631 victorem
391 3572 468 3648 o'rbis
491 3581 630 3627 terrarum
652 3589 709 3628 non
733 3571 936 3640 extimescere3
957 3573 1041 3648 cujus
1061 3583 1120 3630 tam
1146 3575 1227 3631 inhu-

241 3651 318 3708 mani
340 3662 369 3708 et
383 3649 486 3726 ingrati
512 3648 609 3718 animi,
625 3667 642 3705 a
663 3668 720 3723 quo
733 3669 783 3706 rex
806 3651 964 3724 appellatus
986 3662 1071 3721 esset,
1086 3653 1114 3709 in
1138 3663 1228 3726 coty-

241 3748 362 3785 rannum
386 3727 524 3786 inveniri:
546 3737 577 3783 ut
599 3694 661 3783 haec
681 3727 822 3796 omittam,
837 3728 919 3803 cujus
942 3730 1014 3786 tanti
1039 3730 1142 3789 luroris
1163 3731 1226 3801 fuit,

240 3825 339 3862 ornnes
354 3825 446 3880 reges,
461 3823 580 3880 quorum
595 3805 676 3861 multi
699 3817 782 3862 erant
802 3773 926 3880 tinitimi,
940 3827 1041 3866 omnes
1054 3809 1160 3867 liberos
1179 3829 1227 3885 po·

240 3881 331 3956 pulos,
349 3901 448 3939 omnes
471 3883 573 3953 socios,
594 3901 694 3940 omnes
715 3883 884 3958 provincias,
906 3886 1003 3943 omnia
1024 3888 1148 3964 denique
1168 3908 1228 3946 om·
