2775 4425
198 364 239 422 ffi
463 358 600 409 ORATIO
621 358 692 410 PRO
714 360 814 412 REGE
837 359 1033 411 DEIOTARO.
1071 437 1078 444 ,

247 504 430 561 vehementer
450 502 590 573 offensum
611 503 710 578 plaudi
728 503 781 560 tibr
794 523 852 562 non
866 503 966 561 solere.
1007 504 1076 563 Non
1091 506 1238 583 intelligis,

247 582 355 654 Cesar,
367 604 401 641 ex
417 582 534 639 urbanis
548 582 751 641 malevolorum
765 583 958 640 sermunculis
971 584 1034 641 haec
1049 585 1086 641 ab
1101 585 1162 642 istis
1175 605 1239 643 esse

247 662 388 719 collecta?
423 661 584 719 Blesamius
605 672 758 737 tyrannum
780 661 925 719 Caesarem
946 663 1108 722 scriberem
1138 665 1239 722 multo·

247 760 310 799 rum
325 742 402 799 enim
418 740 524 797 civium
539 740 634 817 capita
648 740 776 810 viderat;
798 741 903 797 multos
921 740 1003 815 jussu
1018 742 1143 800 Caesaris
1156 762 1239 800 vexa·

213 827 299 891 Stes,
321 821 494 889 verberatos,
515 829 649 888 necatos;
671 819 776 875 multari
796 818 919 877 afflictas
938 830 968 877 et
987 840 1103 877 eversas
1123 823 1238 892 domos3

247 898 366 957 armatis
379 898 517 957 militibus
531 898 667 955 refertum
682 898 784 955 sorum.
824 897 902 959 Quae
918 917 1031 975 semper
1044 900 1075 957 in
1089 900 1168 958 civili
1182 900 1241 959 vio-

247 978 319 1035 toria
333 979 485 1048 sensimus,
500 996 545 1047 ea,
560 986 589 1034 te
603 976 721 1047 victore,
735 996 793 1035 nou
807 977 939 1035 vidimus

287 1058 381 1129 Solus,
397 1057 524 1133 inquam,
545 1074 586 1127 es,
604 1054 659 1113 Cai
681 1056 790 1127 Cesar,
805 1056 888 1131 cujus
908 1056 938 1115 iu
959 1056 1079 1115 victoria
1099 1058 1240 1116 ceciderit

248 1155 342 1206 nemo,
356 1136 412 1194 nisi
434 1146 568 1193 armatus.
610 1134 658 1205 Et,
673 1153 759 1209 quern
779 1154 831 1193 nos
850 1135 944 1206 liberi,
960 1136 990 1193 in
1010 1136 1123 1193 summit
1142 1138 1240 1212 populi

199 1220 232 1273 10
251 1214 374 1273 Romani
394 1215 527 1273 libertate
547 1213 618 1284 nati,
633 1233 691 1271 nou
712 1211 797 1271 modo
818 1234 875 1271 nou
896 1225 1061 1289 tyrannum,
1079 1216 1129 1272 sed
1150 1217 1238 1273 etiam

247 1294 503 1353 cementissimum
524 1293 555 1351 in
575 1293 706 1364 victoria,
720 1292 870 1362 ducimus;
892 1294 917 1350 is
936 1294 1090 1365 Blesamio,
1104 1295 1154 1369 qui
1168 1296 1239 1352 vivit

248 1373 278 1431 in
292 1393 391 1449 regno,
405 1384 544 1449 tyrannus
557 1371 648 1429 rideri
667 1372 780 1448 potth
815 1370 892 1428 Nam
913 1372 949 1428 de
970 1373 1066 1429 statutt
1085 1374 1150 1447 quis
1171 1393 1240 1449 que-

247 1453 329 1524 ritur,
344 1452 403 1509 una
422 1451 590 1529 presertim,
605 1448 672 1508 oiim
696 1461 754 1507 tam
773 1451 877 1507 multas
899 1451 1016 1508 rideat?
1051 1450 1145 1509 Valde
1160 1453 1240 1510 enim

248 1530 435 1589 invidendum
462 1541 506 1589 est
532 1531 594 1607 ejus
621 1530 733 1600 statuis,
754 1530 837 1605 cujus
856 1530 970 1605 tropaeis
989 1550 1047 1587 non
1068 1530 1239 1588 invidemus.

199 1613 233 1665 15
248 1610 277 1667 N
281 1630 336 1680 am,
358 1611 381 1667 si
403 1612 484 1669 locus
506 1610 587 1667 affert
608 1609 756 1678 invidiam,
771 1608 867 1665 nullus
886 1608 968 1666 locus
987 1622 1041 1680 est,
1064 1609 1099 1665 ad
1113 1620 1240 1667 statuam

248 1690 374 1765 quidem,
386 1689 501 1746 Rostris
515 1688 627 1746 clarior.
661 1688 708 1745 De
721 1688 823 1763 plausu
838 1699 934 1748 autem
947 1688 1016 1763 quid
1031 1689 1238 1763 respondeant

247 1768 296 1844 qui
317 1787 373 1825 nec
393 1768 572 1825 desideratus
589 1785 715 1842 unquam
730 1785 747 1823 a
760 1778 789 1823 te
803 1776 857 1837 est,
871 1776 899 1823 et
913 1786 1131 1841 nonuunquam,
1143 1769 1241 1825 obstu-

246 1845 368 1921 pefactis
382 1845 555 1915 hominibus,
570 1844 632 1920 ipsa
653 1844 842 1903 admiratione
863 1864 1043 1922 compressus
1062 1856 1121 1916 est;
1142 1856 1173 1903 et
1186 1848 1240 1905 sor-

246 1934 322 1981 tasse
343 1922 378 1981 eb
398 1924 616 2001 praetermissus,
636 1924 706 1999 quia
724 1924 798 1981 nihil
821 1924 939 2001 vulgare
958 1934 988 1983 te
1007 1924 1128 2002 dignum
1148 1926 1238 1983 rideri

196 2011 232 2065 20
282 2012 345 2061 test.

246 2022 376 2141 poXIII.
411 2080 493 2140 Nihil
516 2100 533 2139 a
552 2100 599 2140 me
621 2082 741 2140 arbitror
760 2082 992 2157 pretermissum,
1007 2082 1058 2141 sed
1078 2082 1185 2158 aliquid
1200 2084 1236 2140 ad

247 2173 405 2222 extremam
427 2180 522 2222 causae
542 2172 653 2240 partem
673 2173 859 2220 reservatum.
900 2161 935 2219 Id
952 2173 1048 2221 autem
1062 2162 1171 2237 aliquid
1184 2172 1237 2235 est,

248 2252 278 2302 te
292 2254 324 2302 ut
336 2242 421 2321 plane
437 2242 574 2302 Deiotaro
594 2242 763 2300 reconciliet
780 2242 872 2300 oratio
884 2261 958 2299 mea.
1000 2240 1068 2300 Non
1082 2242 1160 2299 enim
1177 2242 1239 2318 jam

248 2333 355 2394 metuo,
369 2342 407 2380 ne
427 2332 459 2379 tu
480 2321 522 2378 illi
541 2340 732 2380 succenseas:
754 2320 825 2378 iilud
839 2339 947 2392 vereor,
961 2341 999 2380 ue
1013 2320 1065 2378 tibi
1080 2321 1161 2378 illum
1174 2341 1239 2378 sue·

197 2405 233 2460 25
249 2421 368 2459 censere
380 2401 487 2475 aliquid
502 2400 664 2476 suspicere:
685 2400 762 2476 quod
776 2399 857 2457 abest
869 2398 1046 2476 longissime,
1056 2399 1126 2458 mihi
1141 2401 1237 2471 crede,

248 2479 356 2536 Cesar.
397 2478 480 2539 Quid
509 2479 586 2536 enirn
615 2477 739 2537 retineat
765 2499 817 2555 per
845 2489 883 2550 te,
913 2479 1054 2550 meminit,
1082 2498 1140 2537 non
1168 2479 1238 2554 quid

248 2557 395 2614 amiserit:
416 2575 509 2631 neque
530 2577 561 2614 se
583 2575 599 2613 a
619 2566 648 2614 te
669 2557 821 2616 multatum
842 2557 1012 2628 arbitratum
1033 2557 1094 2629 sed,
1109 2556 1178 2615 crim
1191 2577 1239 2615 ex-

248 2634 397 2705 intimaret,
418 2633 516 2693 multis
539 2635 591 2692 tibi
615 2636 706 2693 multa
725 2656 789 2695 esse
808 2637 972 2709 tribuenda,
987 2636 1139 2711 quominus
1159 2656 1178 2694 a
1196 2656 1238 2707 se,

247 2713 297 2788 qui
318 2712 347 2770 in
369 2712 459 2770 altera
479 2725 559 2789 parte
580 2714 689 2786 suisset,
704 2735 740 2773 ea
755 2735 892 2786 sumeres,
907 2735 964 2773 non
979 2715 1130 2774 recusavit
1170 2716 1240 2773 Ete-

195 2801 232 2856 3ο
246 2791 318 2863 nim,
332 2792 357 2850 si
378 2793 543 2852 Antiochus
563 2792 690 2872 Magnus
704 2795 762 2866 ille,
777 2813 827 2853 rex
841 2795 931 2866 Asiae,
946 2793 1025 2866 crim,
1038 2804 1138 2871 postea
1150 2792 1238 2870 quam

248 2891 265 2930 a
286 2872 422 2949 Scipione
443 2871 583 2945 devictus,
598 2872 699 2931 Tauro
719 2883 804 2931 tenus
824 2892 946 2950 regnare
962 2873 1060 2949 jussus
1080 2884 1166 2945 esset,
1179 2893 1239 2931 om-

247 2971 370 3028 nemque
385 2953 461 3010 hanc
475 2951 587 3024 Asiam,
603 2972 666 3027 quae
687 2963 731 3010 est
750 2972 830 3010 nunc
848 2962 946 3010 nostra
956 2951 1115 3029 provincia,
1130 2952 1239 3010 amisis-

247 3042 300 3103 set,
316 3032 413 3090 dicere
435 3041 479 3089 est
500 3031 609 3104 solitus,
624 3029 756 3108 Benigne
779 3031 834 3089 sibi
857 3050 875 3090 a
894 3031 998 3109 populo
1019 3031 1154 3090 Romano
1174 3051 1239 3088 esse

247 3111 366 3181 factum,
384 3109 471 3186 quiid,
487 3111 573 3168 nimis
595 3111 702 3188 magna
722 3110 923 3186 procuratione
944 3109 1092 3180 liberatus,
1116 3110 1239 3168 modicis

195 3197 230 3250 35
247 3189 329 3266 regni
349 3189 480 3247 terminis
500 3199 644 3259 uteretur3
673 3200 765 3266 potest
785 3187 876 3246 multb
897 3186 1013 3246 saciliirs
1032 3209 1064 3246 se
1084 3188 1240 3246 Deiotarus

247 3267 397 3326 consolari.
439 3267 493 3326 Ille
507 3267 585 3325 enim
600 3269 702 3326 suroris
723 3268 842 3325 multam
863 3268 1048 3338 sustinuerat,
1063 3267 1112 3325 hic
1124 3268 1237 3326 erroris.

246 3346 356 3404 Omnia
376 3356 408 3403 tu
428 3345 575 3417 Deiotaro,
590 3346 701 3418 Caesar,
715 3347 850 3418 tribuisti,
865 3345 934 3404 oiim
954 3357 984 3404 et
1004 3346 1057 3423 ipsi
1075 3357 1105 3404 et
1118 3346 1178 3404 filio
1189 3367 1240 3404 no·

246 3445 313 3483 men
333 3425 446 3502 regium
466 3424 642 3483 concessisti.
684 3425 752 3484 Hoc
771 3425 888 3483 nomine
902 3436 1014 3484 retento
1027 3436 1112 3500 atque
1125 3445 1240 3483 conser-

246 3515 321 3576 vato,
342 3505 453 3562 nullum
481 3503 656 3562 beneficium
682 3505 779 3581 populi
806 3504 944 3575 Romani,
965 3504 1078 3562 nullum
1095 3504 1240 3580 judicium

195 3589 230 3642 to
246 3584 283 3640 de
303 3603 334 3641 se
355 3582 482 3656 senatus,
504 3582 687 3641 imminutum
714 3594 803 3659 putat.
846 3582 957 3660 Magno
977 3583 1075 3642 auimo
1093 3593 1123 3640 et
1142 3593 1241 3641 erecto

246 3672 305 3731 est;
327 3681 522 3737 necunquam
538 3662 711 3720 succumbet
726 3661 861 3733 inimicis,
876 3683 914 3720 ne
928 3662 1049 3720 fortune
1063 3662 1189 3736 quidem.

286 3740 381 3797 Multa
401 3762 432 3800 se
454 3742 606 3799 arbitratur
628 3751 657 3798 et
683 3741 828 3816 peperisse
849 3741 1011 3812 antefactis,
1032 3751 1062 3798 et
1082 3741 1188 3798 habere
1209 3740 1240 3797 in

246 3817 343 3876 animo
363 3830 447 3894 atque
468 3820 659 3895 virtuteque
681 3821 761 3878 nullo
780 3821 865 3879 modo
878 3821 967 3896 possit
981 3820 1121 3878 amittere.
1161 3819 1241 3880 Quae

245 3894 324 3952 enim
346 3895 468 3967 fortuna,
491 3907 540 3955 aut
563 3899 628 3973 quis
649 3919 744 3970 casus,
760 3910 810 3958 aut
832 3919 897 3974 quas
917 3909 999 3958 tauta
1019 3899 1108 3976 possit
1124 3897 1241 3975 injuria,
