2775 4425
397 373 533 422 ORATIO
556 372 592 420 m
617 371 656 421 Μ.
678 371 881 422 antestium.
1132 376 1186 434 Ill

145 517 210 574 dam
225 538 232 588 ;
256 529 297 590 ut,
312 516 336 574 si
351 536 454 592 saepius
469 517 674 574 decertandum
699 515 737 573 sit
751 515 798 594 (ut
818 516 898 595 erit),
919 535 1032 592 semper
1046 535 1137 575 novus

144 596 277 654 veniam:
310 615 396 671 quam
428 596 593 653 facultatem
623 594 694 652 mibi
722 596 876 654 multitudo
902 597 984 654 istius
1004 596 1135 654 vitiorum

144 687 387 751 peccatorumque
400 674 528 751 largitur.

183 753 303 812 XVIII.
340 754 433 811 Visne
454 753 540 831 igitur
561 763 589 812 te
611 751 799 828 inspiciamus
820 772 837 811 a
859 756 970 831 puerol
1013 755 1065 812 Sic
1078 753 1137 830 opi·

145 852 205 890 nor.
248 834 275 890 A
299 832 442 909 principio
464 833 617 890 ordiamur.
660 831 798 890 Tenesne
818 833 966 905 memorii,
989 845 1137 909 praetexta-
1170 843 1190 896 5

145 921 207 969 tum
226 920 256 969 te
277 911 448 970 decoxisscl
489 911 593 981 Patris,
616 911 740 984 inquies,
755 911 810 968 ista
833 911 983 988 eulpaest.
1025 913 1138 971 Conce-

146 990 200 1048 do:
222 991 329 1048 etenim
343 1002 387 1048 est
401 990 514 1066 pietatis
525 991 610 1066 plena
623 989 761 1048 defensio.
803 989 881 1048 Illud
894 1002 990 1050 tamen
1007 992 1137 1051 audacio

146 1079 212 1140 tuae,
227 1068 305 1144 quod
320 1069 418 1127 sedisti
434 1070 463 1127 in
478 1069 696 1145 quatuordecim
709 1069 867 1141 ordinibus,
882 1070 950 1129 otim
973 1081 1059 1142 esset,
1072 1071 1137 1148 lege

146 1147 268 1220 Roscia,
282 1149 482 1206 decoctoribus
506 1159 602 1206 certus
626 1148 706 1206 loeus
729 1149 910 1222 constitutus,
924 1151 1053 1226 quamvis
1073 1149 1138 1226 quis

148 1227 266 1286 fortunae
281 1227 359 1298 vitio,
374 1248 430 1285 non
445 1247 506 1298 suo,
522 1225 689 1285 decoxisset.
1156 1242 1190 1296 10

187 1307 340 1382 Sumpsisti
356 1306 466 1364 virilem
489 1317 594 1383 togam,
618 1325 705 1381 quam
729 1307 826 1364 statim
849 1307 1020 1366 muliebrem
1040 1319 1137 1384 togam

147 1386 314 1443 reddidisti:
344 1383 436 1462 primo
467 1386 584 1480 vulgare
612 1395 755 1443 scortum:
785 1398 865 1443 certa
893 1385 995 1464 flagitii
1016 1406 1137 1458 merces,

146 1483 202 1522 nec
216 1483 251 1521 ea
265 1483 360 1540 parva.
403 1465 461 1522 Sed
477 1465 535 1523 cito
550 1463 641 1523 Curio
656 1463 818 1534 intervenit,
833 1464 882 1539 qui
901 1476 930 1522 te
945 1465 1140 1523 emeretricio

145 1554 256 1617 quaestu
272 1543 406 1612 abduxit;
429 1556 467 1614 et,
482 1555 620 1620 tanquam
634 1544 737 1602 stolam
751 1543 888 1615 dedisset,
903 1545 933 1602 in
957 1544 1140 1602 matrimonio

146 1622 241 1680 stabili
257 1632 286 1680 et
300 1632 379 1681 certo
392 1623 504 1680 locavit.
1159 1633 1191 1686 15

186 1700 283 1759 Nemo
303 1721 429 1776 unquam
451 1721 531 1778 puer,
552 1713 665 1778 emptus
686 1701 817 1760 libidinis
838 1702 937 1773 caud,
952 1713 1010 1760 tam
1033 1701 1087 1760 fuit
1107 1700 1138 1759 in

146 1779 254 1839 domini
275 1792 425 1857 potestate,
446 1780 533 1856 quam
553 1792 585 1838 tu
613 1782 641 1838 in
670 1781 814 1840 Curionis.
863 1781 989 1843 Quoties
1008 1791 1038 1840 te
1057 1791 1138 1859 pater

146 1861 208 1936 ejus
223 1860 308 1917 domo
328 1860 380 1916 sul
401 1859 507 1936 ejecitl
528 1860 639 1935 quoties
658 1861 792 1919 custodes
811 1861 915 1938 posuit,
936 1882 973 1920 ne
993 1861 1082 1920 Ilmen
1097 1861 1139 1918 in-

146 1939 259 1996 traresl
280 1937 349 1996 crim
363 1949 394 1995 tu
409 1949 515 2010 tamen,
531 1951 616 1997 noete
631 1939 721 2011 meisi,
735 1941 866 1999 hortante
889 1941 1020 2012 libidine,
1034 1960 1139 2017 eogen-

147 2028 175 2075 te
189 2017 334 2088 mercede,
348 2037 398 2094 per
412 2018 524 2094 tegulas
537 2019 738 2077 demitterere:
758 2040 822 2096 quae
841 2019 951 2096 flagitia
968 2022 1070 2078 domus
1089 2019 1139 2077 illa
1154 2025 1191 2079 20

147 2096 255 2155 diutius
270 2097 344 2154 ferre
358 2117 414 2155 non
429 2099 527 2173 potuit.
570 2098 683 2168 Scisne,
700 2117 746 2156 me
767 2099 804 2156 de
826 2098 913 2155 rebus
935 2099 1006 2155 mibi
1026 2098 1139 2154 notissi-

147 2177 202 2233 mis
232 2175 352 2234 dicerel
393 2175 562 2237 Recordare
588 2187 702 2253 tempus
735 2177 816 2249 illud,
844 2173 911 2235 clim
941 2187 1022 2253 pater
1049 2176 1141 2235 Curio

146 2274 271 2313 moerens
289 2256 405 2331 jacebat
426 2256 456 2314 in
476 2256 570 2319 lecto:
591 2257 677 2327 filius,
698 2275 730 2314 se
751 2258 787 2314 ad
813 2256 902 2333 pedes
922 2276 1001 2313 meos
1019 2267 1141 2331 proster-

146 2354 229 2405 nens,
244 2334 415 2411 lacrymans,
430 2346 459 2393 te
479 2336 550 2394 mihi
571 2336 809 2405 commendabat;
830 2336 940 2405 orabat,
953 2345 983 2391 ut
996 2345 1025 2391 te
1039 2346 1140 2391 contra

147 2432 231 2471 suum
252 2425 372 2489 patrem,
393 2415 417 2472 si
438 2416 601 2482 sestertium
629 2414 761 2492 sexagies
788 2424 907 2494 peteret,
936 2414 1138 2472 defenderem:
1155 2430 1192 2483 25

147 2502 260 2550 tanturn
280 2494 358 2550 emm
379 2514 410 2551 se
430 2514 481 2571 pro
508 2505 537 2553 te
558 2494 764 2553 intercessisse.
818 2494 885 2571 lpse
913 2505 1019 2565 autern,
1041 2512 1139 2552 amore

149 2573 262 2643 ardens,
277 2572 475 2645 confirmabat,
493 2572 571 2650 quod
592 2574 768 2632 desiderium
782 2574 825 2633 tui
845 2574 961 2634 discidii
986 2575 1060 2633 ferre
1079 2594 1137 2633 non

147 2662 250 2728 posset,
266 2671 297 2709 se
312 2652 341 2710 in
355 2652 487 2709 exsilium
501 2673 565 2711 esse
579 2652 694 2711 iturum.

185 2730 257 2792 Quo
271 2751 329 2807 ego.
338 2741 464 2807 tempore
479 2742 559 2789 tanta
573 2733 649 2791 mala
663 2733 870 2792 florentissima
894 2732 1008 2791 familiae
1029 2732 1137 2803 sedavi,

147 2810 190 2867 vel
204 2808 300 2885 potiris
314 2810 423 2867 sustuli.
466 2812 544 2869 Patri
558 2812 696 2887 persuasi,
711 2824 743 2870 ut
757 2832 796 2870 aes
820 2814 946 2869 alienum
968 2813 1019 2869 lilii
1039 2811 1138 2869 dissol·
1154 2824 1190 2879 {to

147 2900 242 2946 seret:
265 2890 419 2947 redimeret
440 2890 662 2961 adolescentem,
683 2892 797 2948 summai
817 2909 868 2964 spe
887 2899 917 2946 et
937 2890 1025 2947 animi
1046 2900 1075 2946 et
1097 2890 1139 2946 in·

148 2968 227 3043 genii
248 2968 409 3043 praeditum,
431 2968 481 3026 rei.
495 2970 643 3027 familiaris
674 2968 877 3035 facultatibus3
905 2986 1030 3040 eumque
1051 2986 1068 3023 a
1087 2967 1138 3023 tub

147 3066 204 3104 non
225 3046 311 3103 modd
332 3046 537 3118 familiaritate,
552 3050 603 3105 sed
628 3048 717 3105 etiam
738 3044 951 3121 congressione,
965 3045 1058 3119 patrio
1074 3044 1139 3120 jure

146 3135 176 3181 et
188 3134 328 3201 potestate
343 3126 512 3201 prohiberet.
555 3127 630 3184 Haec
644 3137 675 3182 tu
690 3123 758 3182 elim
778 3143 829 3200 per
849 3141 896 3179 me
910 3134 976 3180 acta
995 3123 1140 3180 meminis·

147 3223 211 3273 ses;
234 3204 289 3261 nisi
321 3204 387 3275 illis,
408 3224 478 3279 quos
500 3205 639 3276 videmus,
661 3204 767 3281 gladiis
787 3201 956 3273 confideres,
977 3201 1139 3260 maledictis
1156 3212 1192 3265 35

147 3300 193 3339 me
207 3301 361 3358 provocare
376 3301 463 3341 ausus
477 3286 572 3342 essesl

186 3361 275 3420 XIX.
311 3362 370 3419 Sed
382 3362 441 3439 jar'n
456 3373 553 3440 stupra
567 3373 595 3421 et
610 3361 721 3440 flagitia
740 3361 889 3419 omittam:
909 3370 976 3418 sunt
996 3361 1138 3435 quaedam,

146 3459 210 3516 quae
224 3439 344 3498 honeste
359 3461 417 3499 non
430 3461 544 3517 possum
566 3442 680 3500 dIcere:
702 3453 734 3499 tu
755 3452 850 3498 autem
864 3439 900 3499 ed
921 3440 1046 3510 liberior,
1061 3437 1139 3513 qudd

146 3519 226 3577 eain
240 3529 269 3577 te
285 3520 435 3590 admisisti,
451 3540 514 3595 quae
529 3540 546 3578 a
559 3521 724 3579 verecundo
738 3520 856 3578 inimico
879 3519 980 3578 audire
1001 3540 1058 3576 non
1078 3538 1141 3594 pos·

146 3618 200 3655 ses.
244 3598 303 3655 Sed
317 3598 460 3673 reliquum
474 3600 538 3657 vitae
553 3619 669 3658 cursum
690 3601 801 3657 videte:
822 3618 908 3674 quem
928 3598 1044 3672 quidem
1066 3598 1140 3656 cele·
1156 3603 1192 3657 40

146 3678 214 3735 riter
234 3677 435 3755 perstringam.
478 3679 526 3735 Ad
554 3680 616 3737 haec
643 3679 732 3748 enirn,
759 3698 823 3751 quae
844 3679 873 3735 in
904 3676 981 3734 civili
1003 3677 1087 3747 bello,
1110 3676 1139 3735 in

146 3756 280 3813 maximis
301 3757 468 3832 reipublicae
489 3758 621 3825 miseriis,
643 3758 722 3826 fecit,
751 3767 781 3813 et
802 3758 837 3812 ad
866 3775 901 3813 ea
928 3774 991 3829 quae
1012 3756 1139 3829 quotidie

147 3835 227 3905 facit,
259 3836 376 3894 festinat
408 3836 528 3894 anImus.
577 3836 665 3905 Quae,
696 3846 771 3911 peto,
793 3844 833 3905 ut,
855 3853 1018 3908 quanquam
1048 3835 1139 3893 multo

146 3914 259 3973 notiora
285 3916 367 3974 vobis
396 3914 483 3991 quim
512 3914 584 3973 mihi
612 3925 688 3986 sunt,
709 3926 807 3972 tamen
829 3912 873 3992 (ut
898 3913 1007 3992 facitis)
1029 3914 1139 3973 attente
