<?xml version="1.0" encoding="UTF-8"?>
<!DOCTYPE html PUBLIC "-//W3C//DTD XHTML 1.0 Transitional//EN"
    "http://www.w3.org/TR/xhtml1/DTD/xhtml1-transitional.dtd">
<html xmlns="http://www.w3.org/1999/xhtml" xml:lang="en" lang="en">
 <head>
  <title>
</title>
<meta http-equiv="Content-Type" content="text/html;charset=utf-8" />
  <meta name='ocr-system' content='tesseract 3.04.00' />
  <meta name='ocr-capabilities' content='ocr_page ocr_carea ocr_par ocr_line ocrx_word'/>
</head>
<body>
  <div class='ocr_page' id='page_1' title='image "./mtciceronisorat00folsgoog/mtciceronisorat00folsgoog_0076.png"; bbox 0 0 2775 4425; ppageno 0'>
   <div class='ocr_carea' id='block_1_1' title="bbox 505 370 974 430">
    <p class='ocr_par' dir='ltr' id='par_1_1' title="bbox 505 370 974 430">
     <span class='ocr_line' id='line_1_1' title="bbox 505 370 974 430; baseline -0.004 -9"><span class='ocrx_word' id='word_1_1' title='bbox 505 372 640 421; x_wconf 78' lang='lat' dir='ltr'>ORATIO</span> <span class='ocrx_word' id='word_1_2' title='bbox 664 372 734 421; x_wconf 87' lang='lat' dir='ltr'><strong>PRO</strong></span> <span class='ocrx_word' id='word_1_3' title='bbox 757 372 790 430; x_wconf 80' lang='lat' dir='ltr'><strong>Q.</strong></span> <span class='ocrx_word' id='word_1_4' title='bbox 813 370 974 420; x_wconf 76' lang='lat' dir='ltr'><strong>LIGARIO.</strong></span> 
     </span>
    </p>
   </div>
   <div class='ocr_carea' id='block_1_2' title="bbox 619 676 849 757">
    <p class='ocr_par' dir='ltr' id='par_1_2' title="bbox 619 676 849 757">
     <span class='ocr_line' id='line_1_2' title="bbox 619 676 849 757; baseline -0.009 0"><span class='ocrx_word' id='word_1_5' title='bbox 619 676 849 757; x_wconf 86' lang='lat' dir='ltr'><strong>ORATIO</strong></span> 
     </span>
    </p>
   </div>
   <div class='ocr_carea' id='block_1_3' title="bbox 401 887 1029 1011">
    <p class='ocr_par' dir='ltr' id='par_1_3' title="bbox 401 887 1029 1011">
     <span class='ocr_line' id='line_1_3' title="bbox 401 887 1029 1011; baseline -0.006 -17"><span class='ocrx_word' id='word_1_6' title='bbox 401 887 566 994; x_wconf 76' lang='lat' dir='ltr'><strong>&#39;nuo</strong></span> <span class='ocrx_word' id='word_1_7' title='bbox 611 920 671 1011; x_wconf 80' lang='lat' dir='ltr'><strong>o.</strong></span> <span class='ocrx_word' id='word_1_8' title='bbox 710 917 1029 993; x_wconf 76' lang='lat' dir='ltr'><strong>oroanro.</strong></span> 
     </span>
    </p>
   </div>
   <div class='ocr_carea' id='block_1_4' title="bbox 177 1307 1260 4064">
    <p class='ocr_par' dir='ltr' id='par_1_4' title="bbox 239 1307 1232 1619">
     <span class='ocr_line' id='line_1_4' title="bbox 279 1307 1231 1381; baseline -0.005 -13"><span class='ocrx_word' id='word_1_9' title='bbox 279 1310 303 1369; x_wconf 90' lang='grc' dir='ltr'><strong>Ι.</strong></span> <span class='ocrx_word' id='word_1_10' title='bbox 325 1310 440 1369; x_wconf 83' lang='lat' dir='ltr'><strong>Novum</strong></span> <span class='ocrx_word' id='word_1_11' title='bbox 456 1310 576 1381; x_wconf 83' lang='lat' dir='ltr'>crimen,</span> <span class='ocrx_word' id='word_1_12' title='bbox 591 1309 647 1368; x_wconf 79' lang='lat' dir='ltr'><strong>cai</strong></span> <span class='ocrx_word' id='word_1_13' title='bbox 661 1309 771 1379; x_wconf 84' lang='lat' dir='ltr'><strong>Caesar,</strong></span> <span class='ocrx_word' id='word_1_14' title='bbox 785 1318 815 1365; x_wconf 93' lang='lat' dir='ltr'><strong>et</strong></span> <span class='ocrx_word' id='word_1_15' title='bbox 833 1316 900 1366; x_wconf 85' lang='lat' dir='ltr'><strong>ante</strong></span> <span class='ocrx_word' id='word_1_16' title='bbox 920 1308 1000 1365; x_wconf 87' lang='lat' dir='ltr'><strong>buno</strong></span> <span class='ocrx_word' id='word_1_17' title='bbox 1020 1307 1097 1365; x_wconf 91' lang='lat' dir='ltr'><strong>diem</strong></span> <span class='ocrx_word' id='word_1_18' title='bbox 1119 1307 1231 1365; x_wconf 85' lang='lat' dir='ltr'><strong>inaudi-</strong></span> 
     </span>
     <span class='ocr_line' id='line_1_5' title="bbox 239 1386 1232 1465; baseline -0.005 -18"><span class='ocrx_word' id='word_1_19' title='bbox 239 1399 311 1461; x_wconf 90' lang='lat' dir='ltr'><strong>tum,</strong></span> <span class='ocrx_word' id='word_1_20' title='bbox 334 1391 506 1465; x_wconf 90' lang='lat' dir='ltr'><strong>propinquus</strong></span> <span class='ocrx_word' id='word_1_21' title='bbox 530 1408 611 1446; x_wconf 90' lang='lat' dir='ltr'><strong>meus</strong></span> <span class='ocrx_word' id='word_1_22' title='bbox 636 1390 671 1445; x_wconf 89' lang='lat' dir='ltr'><strong>ad</strong></span> <span class='ocrx_word' id='word_1_23' title='bbox 696 1399 734 1458; x_wconf 91' lang='lat' dir='ltr'><strong>te,</strong></span> <span class='ocrx_word' id='word_1_24' title='bbox 747 1387 788 1448; x_wconf 80' lang='lat' dir='ltr'><strong>Q.</strong></span> <span class='ocrx_word' id='word_1_25' title='bbox 803 1386 932 1457; x_wconf 87' lang='lat' dir='ltr'>Tubero,</span> <span class='ocrx_word' id='word_1_26' title='bbox 956 1386 1068 1457; x_wconf 88' lang='lat' dir='ltr'><strong>detulit,</strong></span> <span class='ocrx_word' id='word_1_27' title='bbox 1088 1386 1129 1447; x_wconf 80' lang='lat' dir='ltr'><strong>Q.</strong></span> <span class='ocrx_word' id='word_1_28' title='bbox 1145 1387 1232 1462; x_wconf 88' lang='lat' dir='ltr'><strong>Liga-</strong></span> 
     </span>
     <span class='ocr_line' id='line_1_6' title="bbox 240 1465 1221 1543; baseline -0.003 -17"><span class='ocrx_word' id='word_1_29' title='bbox 240 1470 314 1527; x_wconf 84' lang='lat' dir='ltr'>rium</span> <span class='ocrx_word' id='word_1_30' title='bbox 330 1470 358 1526; x_wconf 92' lang='lat' dir='ltr'><strong>in</strong></span> <span class='ocrx_word' id='word_1_31' title='bbox 375 1469 475 1526; x_wconf 78' lang='lat' dir='ltr'><strong>Africa</strong></span> <span class='ocrx_word' id='word_1_32' title='bbox 492 1469 595 1525; x_wconf 88' lang='lat' dir='ltr'><strong>fuisse:</strong></span> <span class='ocrx_word' id='word_1_33' title='bbox 618 1468 704 1543; x_wconf 90' lang='lat' dir='ltr'><strong>idque</strong></span> <span class='ocrx_word' id='word_1_34' title='bbox 718 1467 752 1524; x_wconf 86' lang='lat' dir='ltr'><strong>C.</strong></span> <span class='ocrx_word' id='word_1_35' title='bbox 767 1466 872 1536; x_wconf 83' lang='lat' dir='ltr'>Pansa,</span> <span class='ocrx_word' id='word_1_36' title='bbox 886 1465 1032 1541; x_wconf 83' lang='lat' dir='ltr'><strong>praestanti</strong></span> <span class='ocrx_word' id='word_1_37' title='bbox 1046 1466 1088 1521; x_wconf 84' lang='lat' dir='ltr'><strong>vir</strong></span> <span class='ocrx_word' id='word_1_38' title='bbox 1102 1466 1221 1541; x_wconf 89' lang='lat' dir='ltr'><strong>ingenio</strong></span> 
     </span>
     <span class='ocr_line' id='line_1_7' title="bbox 241 1543 1232 1619; baseline -0.004 -14"><span class='ocrx_word' id='word_1_39' title='bbox 241 1546 329 1605; x_wconf 86' lang='lat' dir='ltr'><strong>fretus</strong></span> <span class='ocrx_word' id='word_1_40' title='bbox 347 1548 464 1605; x_wconf 87' lang='lat' dir='ltr'><strong>sortasse</strong></span> <span class='ocrx_word' id='word_1_41' title='bbox 488 1548 523 1605; x_wconf 75' lang='lat' dir='ltr'><strong>eti</strong></span> <span class='ocrx_word' id='word_1_42' title='bbox 549 1547 742 1604; x_wconf 82' lang='lat' dir='ltr'><strong>familiaritate</strong></span> <span class='ocrx_word' id='word_1_43' title='bbox 762 1564 825 1619; x_wconf 85' lang='lat' dir='ltr'><strong>quae</strong></span> <span class='ocrx_word' id='word_1_44' title='bbox 845 1554 890 1601; x_wconf 91' lang='lat' dir='ltr'><strong>est</strong></span> <span class='ocrx_word' id='word_1_45' title='bbox 909 1543 936 1599; x_wconf 90' lang='lat' dir='ltr'><strong>ei</strong></span> <span class='ocrx_word' id='word_1_46' title='bbox 957 1554 1064 1614; x_wconf 89' lang='lat' dir='ltr'><strong>tecum,</strong></span> <span class='ocrx_word' id='word_1_47' title='bbox 1080 1562 1167 1601; x_wconf 89' lang='lat' dir='ltr'><strong>ausus</strong></span> <span class='ocrx_word' id='word_1_48' title='bbox 1186 1555 1232 1601; x_wconf 88' lang='lat' dir='ltr'><strong>est</strong></span> 
     </span>
    </p>

    <p class='ocr_par' dir='ltr' id='par_1_5' title="bbox 177 1622 1260 2334">
     <span class='ocr_line' id='line_1_8' title="bbox 206 1622 1241 1701; baseline -0.006 -15"><span class='ocrx_word' id='word_1_49' title='bbox 206 1628 379 1686; x_wconf 76' lang='lat' dir='ltr'><strong>beonliteri.</strong></span> <span class='ocrx_word' id='word_1_50' title='bbox 434 1626 547 1701; x_wconf 91' lang='lat' dir='ltr'><strong>Itaque,</strong></span> <span class='ocrx_word' id='word_1_51' title='bbox 569 1624 626 1700; x_wconf 81' lang='lat' dir='ltr'><strong>qud</strong></span> <span class='ocrx_word' id='word_1_52' title='bbox 649 1635 696 1681; x_wconf 89' lang='lat' dir='ltr'><strong>me</strong></span> <span class='ocrx_word' id='word_1_53' title='bbox 716 1634 834 1694; x_wconf 87' lang='lat' dir='ltr'><strong>vertam,</strong></span> <span class='ocrx_word' id='word_1_54' title='bbox 862 1622 976 1692; x_wconf 85' lang='lat' dir='ltr'><strong>nesci03</strong></span> <span class='ocrx_word' id='word_1_55' title='bbox 1005 1632 1122 1697; x_wconf 87' lang='lat' dir='ltr'><strong>paratus</strong></span> <span class='ocrx_word' id='word_1_56' title='bbox 1150 1624 1241 1680; x_wconf 84' lang='lat' dir='ltr'><strong>enim&#39;</strong></span> 
     </span>
     <span class='ocr_line' id='line_1_9' title="bbox 177 1702 1231 1780; baseline -0.003 -18"><span class='ocrx_word' id='word_1_57' title='bbox 177 1715 180 1721; x_wconf 85' lang='lat'>&#39;</span> <span class='ocrx_word' id='word_1_58' title='bbox 240 1724 385 1774; x_wconf 88' lang='lat' dir='ltr'><strong>veneram,</strong></span> <span class='ocrx_word' id='word_1_59' title='bbox 408 1703 489 1780; x_wconf 90' lang='lat' dir='ltr'><strong>(cum</strong></span> <span class='ocrx_word' id='word_1_60' title='bbox 504 1716 534 1761; x_wconf 92' lang='lat' dir='ltr'><strong>tu</strong></span> <span class='ocrx_word' id='word_1_61' title='bbox 559 1705 588 1761; x_wconf 91' lang='lat' dir='ltr'><strong>id</strong></span> <span class='ocrx_word' id='word_1_62' title='bbox 610 1722 704 1776; x_wconf 92' lang='lat' dir='ltr'><strong>neque</strong></span> <span class='ocrx_word' id='word_1_63' title='bbox 718 1722 767 1777; x_wconf 88' lang='lat' dir='ltr'><strong>per</strong></span> <span class='ocrx_word' id='word_1_64' title='bbox 791 1712 819 1758; x_wconf 92' lang='lat' dir='ltr'><strong>te</strong></span> <span class='ocrx_word' id='word_1_65' title='bbox 833 1702 932 1771; x_wconf 81' lang='lat' dir='ltr'><strong>scires,</strong></span> <span class='ocrx_word' id='word_1_66' title='bbox 946 1720 1040 1775; x_wconf 90' lang='lat' dir='ltr'><strong>neque</strong></span> <span class='ocrx_word' id='word_1_67' title='bbox 1059 1702 1159 1759; x_wconf 91' lang='lat' dir='ltr'><strong>audire</strong></span> <span class='ocrx_word' id='word_1_68' title='bbox 1180 1702 1231 1759; x_wconf 90' lang='lat' dir='ltr'><strong>ali-</strong></span> 
     </span>
     <span class='ocr_line' id='line_1_10' title="bbox 240 1779 1230 1860; baseline -0.003 -20"><span class='ocrx_word' id='word_1_69' title='bbox 240 1784 317 1841; x_wconf 84' lang='lat' dir='ltr'>unde</span> <span class='ocrx_word' id='word_1_70' title='bbox 331 1783 484 1860; x_wconf 88' lang='lat' dir='ltr'><strong>potuisses)</strong></span> <span class='ocrx_word' id='word_1_71' title='bbox 500 1793 532 1838; x_wconf 93' lang='lat' dir='ltr'><strong>ut</strong></span> <span class='ocrx_word' id='word_1_72' title='bbox 546 1782 723 1858; x_wconf 86' lang='lat' dir='ltr'><strong>ignoratione</strong></span> <span class='ocrx_word' id='word_1_73' title='bbox 738 1780 787 1837; x_wconf 80' lang='lat' dir='ltr'><strong>tuti</strong></span> <span class='ocrx_word' id='word_1_74' title='bbox 803 1781 839 1836; x_wconf 93' lang='lat' dir='ltr'><strong>ad</strong></span> <span class='ocrx_word' id='word_1_75' title='bbox 853 1779 976 1837; x_wconf 88' lang='lat' dir='ltr'><strong>bominis</strong></span> <span class='ocrx_word' id='word_1_76' title='bbox 996 1779 1093 1836; x_wconf 88' lang='lat' dir='ltr'><strong>miseri</strong></span> <span class='ocrx_word' id='word_1_77' title='bbox 1107 1781 1230 1837; x_wconf 83' lang='lat' dir='ltr'><strong>salutem</strong></span> 
     </span>
     <span class='ocr_line' id='line_1_11' title="bbox 241 1858 1260 1935; baseline 0 -19"><span class='ocrx_word' id='word_1_78' title='bbox 241 1862 390 1917; x_wconf 85' lang='lat' dir='ltr'><strong>abuterer:</strong></span> <span class='ocrx_word' id='word_1_79' title='bbox 412 1862 621 1934; x_wconf 73' lang='lat' dir='ltr'><strong>sedquoniam</strong></span> <span class='ocrx_word' id='word_1_80' title='bbox 646 1859 797 1935; x_wconf 72' lang='lat' dir='ltr'><strong>diligentia</strong></span> <span class='ocrx_word' id='word_1_81' title='bbox 822 1858 933 1916; x_wconf 91' lang='lat' dir='ltr'><strong>inimici</strong></span> <span class='ocrx_word' id='word_1_82' title='bbox 952 1858 1154 1935; x_wconf 84' lang='lat' dir='ltr'><strong>investigatum</strong></span> <span class='ocrx_word' id='word_1_83' title='bbox 1175 1870 1229 1931; x_wconf 89' lang='lat' dir='ltr'><strong>est,</strong></span> <span class='ocrx_word' id='word_1_84' title='bbox 1256 1903 1260 1907; x_wconf 17' lang='grc' dir='ltr'><strong>Α</strong></span> 
     </span>
     <span class='ocr_line' id='line_1_12' title="bbox 240 1936 1229 2013; baseline 0.002 -18"><span class='ocrx_word' id='word_1_85' title='bbox 240 1939 315 2013; x_wconf 92' lang='lat' dir='ltr'><strong>quod</strong></span> <span class='ocrx_word' id='word_1_86' title='bbox 339 1938 455 2009; x_wconf 87' lang='lat' dir='ltr'><strong>latebat,</strong></span> <span class='ocrx_word' id='word_1_87' title='bbox 484 1938 677 1996; x_wconf 84' lang='lat' dir='ltr'><strong>confitendum</strong></span> <span class='ocrx_word' id='word_1_88' title='bbox 700 1949 752 2008; x_wconf 91' lang='lat' dir='ltr'><strong>est,</strong></span> <span class='ocrx_word' id='word_1_89' title='bbox 781 1948 813 1994; x_wconf 88' lang='lat' dir='ltr'><strong>ut</strong></span> <span class='ocrx_word' id='word_1_90' title='bbox 837 1938 955 2013; x_wconf 82' lang='lat' dir='ltr'><strong>opinor3</strong></span> <span class='ocrx_word' id='word_1_91' title='bbox 983 1938 1139 2013; x_wconf 71' lang='lat' dir='ltr'><strong>presertim</strong></span> <span class='ocrx_word' id='word_1_92' title='bbox 1160 1936 1229 1997; x_wconf 77' lang='lat' dir='ltr'><strong>cum</strong></span> 
     </span>
     <span class='ocr_line' id='line_1_13' title="bbox 190 2016 1229 2093; baseline 0.003 -21"><span class='ocrx_word' id='word_1_93' title='bbox 190 2019 224 2073; x_wconf 91' lang='lat'><strong>10</strong></span> <span class='ocrx_word' id='word_1_94' title='bbox 240 2036 321 2073; x_wconf 86' lang='lat' dir='ltr'><strong>meus</strong></span> <span class='ocrx_word' id='word_1_95' title='bbox 335 2018 524 2088; x_wconf 86' lang='lat' dir='ltr'><strong>necessarius,</strong></span> <span class='ocrx_word' id='word_1_96' title='bbox 540 2017 573 2074; x_wconf 86' lang='lat' dir='ltr'><strong>C.</strong></span> <span class='ocrx_word' id='word_1_97' title='bbox 590 2016 693 2087; x_wconf 89' lang='lat' dir='ltr'><strong>Pansa,</strong></span> <span class='ocrx_word' id='word_1_98' title='bbox 711 2016 820 2087; x_wconf 87' lang='lat' dir='ltr'><strong>lecerit,</strong></span> <span class='ocrx_word' id='word_1_99' title='bbox 835 2027 867 2073; x_wconf 90' lang='lat' dir='ltr'><strong>ut</strong></span> <span class='ocrx_word' id='word_1_100' title='bbox 881 2017 910 2073; x_wconf 93' lang='lat' dir='ltr'><strong>id</strong></span> <span class='ocrx_word' id='word_1_101' title='bbox 927 2016 987 2092; x_wconf 88' lang='lat' dir='ltr'><strong>jam</strong></span> <span class='ocrx_word' id='word_1_102' title='bbox 1007 2016 1149 2093; x_wconf 90' lang='lat' dir='ltr'><strong>integrum</strong></span> <span class='ocrx_word' id='word_1_103' title='bbox 1170 2037 1229 2075; x_wconf 92' lang='lat' dir='ltr'><strong>non</strong></span> 
     </span>
     <span class='ocr_line' id='line_1_14' title="bbox 239 2095 1228 2171; baseline -0.001 -17"><span class='ocrx_word' id='word_1_104' title='bbox 239 2107 331 2154; x_wconf 88' lang='lat' dir='ltr'><strong>esset:</strong></span> <span class='ocrx_word' id='word_1_105' title='bbox 352 2097 514 2171; x_wconf 71' lang='lat' dir='ltr'><strong>omissaque</strong></span> <span class='ocrx_word' id='word_1_106' title='bbox 526 2096 728 2166; x_wconf 70' lang='lat' dir='ltr'><strong>controversia,</strong></span> <span class='ocrx_word' id='word_1_107' title='bbox 739 2095 833 2153; x_wconf 92' lang='lat' dir='ltr'><strong>omnis</strong></span> <span class='ocrx_word' id='word_1_108' title='bbox 846 2095 937 2153; x_wconf 86' lang='lat' dir='ltr'><strong>oratio</strong></span> <span class='ocrx_word' id='word_1_109' title='bbox 951 2096 986 2151; x_wconf 91' lang='lat' dir='ltr'><strong>ad</strong></span> <span class='ocrx_word' id='word_1_110' title='bbox 1000 2095 1228 2154; x_wconf 86' lang='lat' dir='ltr'><strong>misericordiam</strong></span> 
     </span>
     <span class='ocr_line' id='line_1_15' title="bbox 239 2172 1229 2255; baseline 0.001 -21"><span class='ocrx_word' id='word_1_111' title='bbox 239 2185 318 2234; x_wconf 88' lang='lat' dir='ltr'><strong>tuam</strong></span> <span class='ocrx_word' id='word_1_112' title='bbox 334 2176 508 2236; x_wconf 87' lang='lat' dir='ltr'><strong>conferenda</strong></span> <span class='ocrx_word' id='word_1_113' title='bbox 522 2187 584 2248; x_wconf 85' lang='lat' dir='ltr'><strong>est3</strong></span> <span class='ocrx_word' id='word_1_114' title='bbox 606 2176 663 2255; x_wconf 72' lang='lat' dir='ltr'><strong>qud</strong></span> <span class='ocrx_word' id='word_1_115' title='bbox 678 2174 794 2252; x_wconf 91' lang='lat' dir='ltr'><strong>plurimi</strong></span> <span class='ocrx_word' id='word_1_116' title='bbox 808 2184 876 2233; x_wconf 87' lang='lat' dir='ltr'><strong>sunt</strong></span> <span class='ocrx_word' id='word_1_117' title='bbox 895 2173 1064 2245; x_wconf 87' lang='lat' dir='ltr'><strong>conservati,</strong></span> <span class='ocrx_word' id='word_1_118' title='bbox 1079 2172 1148 2232; x_wconf 77' lang='lat' dir='ltr'><strong>crim</strong></span> <span class='ocrx_word' id='word_1_119' title='bbox 1162 2194 1180 2233; x_wconf 92' lang='lat' dir='ltr'><strong>a</strong></span> <span class='ocrx_word' id='word_1_120' title='bbox 1199 2186 1229 2235; x_wconf 92' lang='lat' dir='ltr'><strong>te</strong></span> 
     </span>
     <span class='ocr_line' id='line_1_16' title="bbox 241 2254 1180 2334; baseline -0.003 -19"><span class='ocrx_word' id='word_1_121' title='bbox 241 2277 296 2315; x_wconf 91' lang='lat' dir='ltr'><strong>non</strong></span> <span class='ocrx_word' id='word_1_122' title='bbox 312 2257 509 2315; x_wconf 87' lang='lat' dir='ltr'><strong>liberationem</strong></span> <span class='ocrx_word' id='word_1_123' title='bbox 525 2259 625 2334; x_wconf 80' lang='lat' dir='ltr'><strong>culpae,</strong></span> <span class='ocrx_word' id='word_1_124' title='bbox 640 2258 690 2314; x_wconf 89' lang='lat' dir='ltr'><strong>sed</strong></span> <span class='ocrx_word' id='word_1_125' title='bbox 705 2255 791 2314; x_wconf 87' lang='lat' dir='ltr'><strong>errati</strong></span> <span class='ocrx_word' id='word_1_126' title='bbox 805 2256 929 2325; x_wconf 85' lang='lat' dir='ltr'><strong>veniam,</strong></span> <span class='ocrx_word' id='word_1_127' title='bbox 944 2254 1180 2330; x_wconf 85' lang='lat' dir='ltr'><strong>impetravissent.</strong></span> 
     </span>
    </p>

    <p class='ocr_par' dir='ltr' id='par_1_6' title="bbox 278 2332 1229 2412">
     <span class='ocr_line' id='line_1_17' title="bbox 278 2332 1229 2412; baseline 0 -20"><span class='ocrx_word' id='word_1_128' title='bbox 278 2336 379 2393; x_wconf 89' lang='lat' dir='ltr'><strong>Habes</strong></span> <span class='ocrx_word' id='word_1_129' title='bbox 394 2337 489 2412; x_wconf 90' lang='lat' dir='ltr'><strong>igitur,</strong></span> <span class='ocrx_word' id='word_1_130' title='bbox 505 2337 633 2406; x_wconf 87' lang='lat' dir='ltr'><strong>Tubero,</strong></span> <span class='ocrx_word' id='word_1_131' title='bbox 650 2335 739 2411; x_wconf 93' lang='lat' dir='ltr'><strong>(quod</strong></span> <span class='ocrx_word' id='word_1_132' title='bbox 753 2345 797 2391; x_wconf 90' lang='lat' dir='ltr'><strong>est</strong></span> <span class='ocrx_word' id='word_1_133' title='bbox 817 2333 978 2392; x_wconf 88' lang='lat' dir='ltr'><strong>accusatori</strong></span> <span class='ocrx_word' id='word_1_134' title='bbox 992 2332 1116 2389; x_wconf 75' lang='lat' dir='ltr'><strong>maxime</strong></span> <span class='ocrx_word' id='word_1_135' title='bbox 1130 2344 1229 2409; x_wconf 86' lang='lat' dir='ltr'><strong>optan-</strong></span> 
     </span>
    </p>

    <p class='ocr_par' dir='ltr' id='par_1_7' title="bbox 190 2412 1227 2726">
     <span class='ocr_line' id='line_1_18' title="bbox 190 2412 1227 2491; baseline 0.001 -21"><span class='ocrx_word' id='word_1_136' title='bbox 190 2412 223 2464; x_wconf 91' lang='lat' dir='ltr'><strong>l5</strong></span> <span class='ocrx_word' id='word_1_137' title='bbox 238 2414 321 2491; x_wconf 89' lang='lat' dir='ltr'><strong>dum)</strong></span> <span class='ocrx_word' id='word_1_138' title='bbox 338 2415 521 2472; x_wconf 86' lang='lat' dir='ltr'><strong>confitentem</strong></span> <span class='ocrx_word' id='word_1_139' title='bbox 536 2433 626 2485; x_wconf 87' lang='lat' dir='ltr'><strong>reum,</strong></span> <span class='ocrx_word' id='word_1_140' title='bbox 641 2415 691 2471; x_wconf 88' lang='lat' dir='ltr'><strong>sed</strong></span> <span class='ocrx_word' id='word_1_141' title='bbox 706 2425 802 2470; x_wconf 87' lang='lat' dir='ltr'><strong>tamen</strong></span> <span class='ocrx_word' id='word_1_142' title='bbox 817 2413 857 2470; x_wconf 91' lang='lat' dir='ltr'><strong>ita</strong></span> <span class='ocrx_word' id='word_1_143' title='bbox 880 2412 1074 2481; x_wconf 85' lang='lat' dir='ltr'><strong>confitentem,</strong></span> <span class='ocrx_word' id='word_1_144' title='bbox 1089 2431 1120 2468; x_wconf 90' lang='lat' dir='ltr'><strong>se</strong></span> <span class='ocrx_word' id='word_1_145' title='bbox 1141 2412 1170 2471; x_wconf 93' lang='lat' dir='ltr'><strong>in</strong></span> <span class='ocrx_word' id='word_1_146' title='bbox 1191 2413 1227 2470; x_wconf 72' lang='lat' dir='ltr'><strong>ed</strong></span> 
     </span>
     <span class='ocr_line' id='line_1_19' title="bbox 238 2489 1226 2568; baseline 0 -20"><span class='ocrx_word' id='word_1_147' title='bbox 238 2504 317 2568; x_wconf 87' lang='lat' dir='ltr'><strong>parte</strong></span> <span class='ocrx_word' id='word_1_148' title='bbox 330 2492 426 2562; x_wconf 90' lang='lat' dir='ltr'><strong>fuisse,</strong></span> <span class='ocrx_word' id='word_1_149' title='bbox 441 2493 497 2568; x_wconf 69' lang='lat' dir='ltr'><strong>qud</strong></span> <span class='ocrx_word' id='word_1_150' title='bbox 512 2502 550 2562; x_wconf 91' lang='lat' dir='ltr'><strong>te,</strong></span> <span class='ocrx_word' id='word_1_151' title='bbox 566 2493 693 2563; x_wconf 91' lang='lat' dir='ltr'><strong>Tubero,</strong></span> <span class='ocrx_word' id='word_1_152' title='bbox 709 2492 766 2566; x_wconf 70' lang='lat' dir='ltr'><strong>qud</strong></span> <span class='ocrx_word' id='word_1_153' title='bbox 781 2493 872 2550; x_wconf 85' lang='lat' dir='ltr'><strong>virum</strong></span> <span class='ocrx_word' id='word_1_154' title='bbox 894 2491 973 2550; x_wconf 90' lang='lat' dir='ltr'><strong>omui</strong></span> <span class='ocrx_word' id='word_1_155' title='bbox 996 2489 1082 2549; x_wconf 89' lang='lat' dir='ltr'><strong>laude</strong></span> <span class='ocrx_word' id='word_1_156' title='bbox 1095 2491 1226 2567; x_wconf 87' lang='lat' dir='ltr'><strong>dignum,</strong></span> 
     </span>
     <span class='ocr_line' id='line_1_20' title="bbox 237 2569 1226 2646; baseline 0.006 -22"><span class='ocrx_word' id='word_1_157' title='bbox 237 2581 346 2645; x_wconf 88' lang='lat' dir='ltr'><strong>patrem</strong></span> <span class='ocrx_word' id='word_1_158' title='bbox 364 2580 453 2627; x_wconf 90' lang='lat' dir='ltr'><strong>tuum.</strong></span> <span class='ocrx_word' id='word_1_159' title='bbox 496 2570 597 2645; x_wconf 82' lang='lat' dir='ltr'><strong>Itaque</strong></span> <span class='ocrx_word' id='word_1_160' title='bbox 621 2569 701 2646; x_wconf 77' lang='lat' dir='ltr'><strong>prius</strong></span> <span class='ocrx_word' id='word_1_161' title='bbox 724 2572 761 2628; x_wconf 90' lang='lat' dir='ltr'><strong>de</strong></span> <span class='ocrx_word' id='word_1_162' title='bbox 785 2583 878 2630; x_wconf 87' lang='lat' dir='ltr'><strong>vestro</strong></span> <span class='ocrx_word' id='word_1_163' title='bbox 901 2573 1007 2629; x_wconf 92' lang='lat' dir='ltr'><strong>delicto</strong></span> <span class='ocrx_word' id='word_1_164' title='bbox 1021 2569 1226 2638; x_wconf 81' lang='lat' dir='ltr'><strong>confiteamini.</strong></span> 
     </span>
     <span class='ocr_line' id='line_1_21' title="bbox 238 2647 1119 2726; baseline 0.002 -21"><span class='ocrx_word' id='word_1_165' title='bbox 238 2667 357 2705; x_wconf 89' lang='lat' dir='ltr'><strong>necesse</strong></span> <span class='ocrx_word' id='word_1_166' title='bbox 372 2659 424 2719; x_wconf 90' lang='lat' dir='ltr'><strong>est,</strong></span> <span class='ocrx_word' id='word_1_167' title='bbox 439 2647 524 2724; x_wconf 73' lang='lat' dir='ltr'><strong>quam</strong></span> <span class='ocrx_word' id='word_1_168' title='bbox 541 2649 650 2725; x_wconf 86' lang='lat' dir='ltr'><strong>Ligarii</strong></span> <span class='ocrx_word' id='word_1_169' title='bbox 665 2649 752 2707; x_wconf 89' lang='lat' dir='ltr'><strong>ullam</strong></span> <span class='ocrx_word' id='word_1_170' title='bbox 767 2651 882 2726; x_wconf 90' lang='lat' dir='ltr'><strong>culpam</strong></span> <span class='ocrx_word' id='word_1_171' title='bbox 895 2650 1119 2726; x_wconf 88' lang='lat' dir='ltr'><strong>reprehendatis.</strong></span> 
     </span>
    </p>

    <p class='ocr_par' dir='ltr' id='par_1_8' title="bbox 276 2725 1227 2805">
     <span class='ocr_line' id='line_1_22' title="bbox 276 2725 1227 2805; baseline 0.001 -19"><span class='ocrx_word' id='word_1_172' title='bbox 276 2725 316 2786; x_wconf 80' lang='lat' dir='ltr'><strong>Q.</strong></span> <span class='ocrx_word' id='word_1_173' title='bbox 339 2727 417 2783; x_wconf 89' lang='lat' dir='ltr'><strong>enim</strong></span> <span class='ocrx_word' id='word_1_174' title='bbox 438 2727 581 2804; x_wconf 86' lang='lat' dir='ltr'><strong>Ligarius,</strong></span> <span class='ocrx_word' id='word_1_175' title='bbox 603 2726 672 2785; x_wconf 83' lang='lat' dir='ltr'><strong>crim</strong></span> <span class='ocrx_word' id='word_1_176' title='bbox 693 2740 769 2786; x_wconf 88' lang='lat' dir='ltr'><strong>esset</strong></span> <span class='ocrx_word' id='word_1_177' title='bbox 789 2731 884 2787; x_wconf 86' lang='lat' dir='ltr'><strong>adbuc</strong></span> <span class='ocrx_word' id='word_1_178' title='bbox 904 2730 984 2787; x_wconf 92' lang='lat' dir='ltr'><strong>nulla</strong></span> <span class='ocrx_word' id='word_1_179' title='bbox 1004 2729 1070 2785; x_wconf 86' lang='lat' dir='ltr'><strong>belli</strong></span> <span class='ocrx_word' id='word_1_180' title='bbox 1091 2729 1227 2805; x_wconf 89' lang='lat' dir='ltr'><strong>suspicio,</strong></span> 
     </span>
    </p>

    <p class='ocr_par' dir='ltr' id='par_1_9' title="bbox 188 2805 1227 3201">
     <span class='ocr_line' id='line_1_23' title="bbox 188 2805 1227 2884; baseline 0.003 -22"><span class='ocrx_word' id='word_1_181' title='bbox 188 2809 224 2862; x_wconf 81' lang='lat'><strong>20</strong></span> <span class='ocrx_word' id='word_1_182' title='bbox 238 2805 350 2880; x_wconf 89' lang='lat' dir='ltr'><strong>legatus</strong></span> <span class='ocrx_word' id='word_1_183' title='bbox 373 2806 402 2863; x_wconf 92' lang='lat' dir='ltr'><strong>in</strong></span> <span class='ocrx_word' id='word_1_184' title='bbox 427 2807 556 2863; x_wconf 89' lang='lat' dir='ltr'><strong>Africam</strong></span> <span class='ocrx_word' id='word_1_185' title='bbox 580 2826 646 2864; x_wconf 91' lang='lat' dir='ltr'><strong>cum</strong></span> <span class='ocrx_word' id='word_1_186' title='bbox 670 2807 704 2864; x_wconf 83' lang='grc' dir='ltr'><strong>Ο.</strong></span> <span class='ocrx_word' id='word_1_187' title='bbox 719 2807 857 2865; x_wconf 86' lang='lat' dir='ltr'><strong>Considio</strong></span> <span class='ocrx_word' id='word_1_188' title='bbox 877 2809 1022 2884; x_wconf 88' lang='lat' dir='ltr'><strong>profectus</strong></span> <span class='ocrx_word' id='word_1_189' title='bbox 1035 2817 1097 2865; x_wconf 88' lang='lat' dir='ltr'><strong>est:</strong></span> <span class='ocrx_word' id='word_1_190' title='bbox 1118 2808 1175 2882; x_wconf 73' lang='lat' dir='ltr'><strong>qud</strong></span> <span class='ocrx_word' id='word_1_191' title='bbox 1196 2809 1227 2865; x_wconf 92' lang='lat' dir='ltr'><strong>in</strong></span> 
     </span>
     <span class='ocr_line' id='line_1_24' title="bbox 237 2883 1227 2962; baseline 0.004 -22"><span class='ocrx_word' id='word_1_192' title='bbox 237 2883 391 2960; x_wconf 89' lang='lat' dir='ltr'><strong>legatione,</strong></span> <span class='ocrx_word' id='word_1_193' title='bbox 415 2896 444 2943; x_wconf 90' lang='lat' dir='ltr'><strong>et</strong></span> <span class='ocrx_word' id='word_1_194' title='bbox 466 2885 577 2943; x_wconf 87' lang='lat' dir='ltr'><strong>civibus</strong></span> <span class='ocrx_word' id='word_1_195' title='bbox 601 2896 631 2943; x_wconf 93' lang='lat' dir='ltr'><strong>et</strong></span> <span class='ocrx_word' id='word_1_196' title='bbox 653 2886 740 2944; x_wconf 88' lang='lat' dir='ltr'><strong>sociis</strong></span> <span class='ocrx_word' id='word_1_197' title='bbox 760 2887 801 2944; x_wconf 90' lang='lat' dir='ltr'><strong>ita</strong></span> <span class='ocrx_word' id='word_1_198' title='bbox 820 2907 852 2944; x_wconf 90' lang='lat' dir='ltr'><strong>se</strong></span> <span class='ocrx_word' id='word_1_199' title='bbox 871 2887 1008 2962; x_wconf 88' lang='lat' dir='ltr'><strong>probavit,</strong></span> <span class='ocrx_word' id='word_1_200' title='bbox 1030 2896 1061 2942; x_wconf 92' lang='lat' dir='ltr'><strong>ut</strong></span> <span class='ocrx_word' id='word_1_201' title='bbox 1081 2887 1227 2944; x_wconf 83' lang='lat' dir='ltr'><strong>decedens</strong></span> 
     </span>
     <span class='ocr_line' id='line_1_25' title="bbox 238 2963 1226 3040; baseline 0.002 -20"><span class='ocrx_word' id='word_1_202' title='bbox 238 2963 393 3021; x_wconf 89' lang='lat' dir='ltr'><strong>Considius</strong></span> <span class='ocrx_word' id='word_1_203' title='bbox 426 2965 573 3040; x_wconf 73' lang='lat' dir='ltr'><strong>provincial</strong></span> <span class='ocrx_word' id='word_1_204' title='bbox 601 2965 769 3023; x_wconf 82' lang='lat' dir='ltr'><strong>satisfacere</strong></span> <span class='ocrx_word' id='word_1_205' title='bbox 801 2966 964 3022; x_wconf 86' lang='lat' dir='ltr'><strong>hominibus</strong></span> <span class='ocrx_word' id='word_1_206' title='bbox 992 2985 1049 3023; x_wconf 91' lang='lat' dir='ltr'><strong>uon</strong></span> <span class='ocrx_word' id='word_1_207' title='bbox 1075 2976 1180 3040; x_wconf 88' lang='lat' dir='ltr'><strong>posset,</strong></span> <span class='ocrx_word' id='word_1_208' title='bbox 1201 2967 1226 3022; x_wconf 90' lang='lat' dir='ltr'><strong>si</strong></span> 
     </span>
     <span class='ocr_line' id='line_1_26' title="bbox 238 3043 1227 3121; baseline 0.001 -22"><span class='ocrx_word' id='word_1_209' title='bbox 238 3061 400 3118; x_wconf 87' lang='lat' dir='ltr'><strong>quenquam</strong></span> <span class='ocrx_word' id='word_1_210' title='bbox 417 3045 504 3101; x_wconf 87' lang='lat' dir='ltr'><strong>aliurn</strong></span> <span class='ocrx_word' id='word_1_211' title='bbox 518 3045 670 3120; x_wconf 79' lang='lat' dir='ltr'><strong>provincia</strong></span> <span class='ocrx_word' id='word_1_212' title='bbox 686 3044 868 3120; x_wconf 81' lang='lat' dir='ltr'><strong>prael&#39;ecisset.</strong></span> <span class='ocrx_word' id='word_1_213' title='bbox 910 3044 1013 3118; x_wconf 88' lang='lat' dir='ltr'><strong>ltaque</strong></span> <span class='ocrx_word' id='word_1_214' title='bbox 1035 3043 1075 3104; x_wconf 79' lang='lat' dir='ltr'><strong>Q.</strong></span> <span class='ocrx_word' id='word_1_215' title='bbox 1091 3043 1227 3121; x_wconf 85' lang='lat' dir='ltr'><strong>Ligarius</strong></span> 
     </span>
     <span class='ocr_line' id='line_1_27' title="bbox 239 3119 1227 3201; baseline 0.002 -23"><span class='ocrx_word' id='word_1_216' title='bbox 239 3119 332 3196; x_wconf 79' lang='lat' dir='ltr'><strong>(odor,</strong></span> <span class='ocrx_word' id='word_1_217' title='bbox 360 3123 409 3180; x_wconf 91' lang='lat' dir='ltr'><strong>diu</strong></span> <span class='ocrx_word' id='word_1_218' title='bbox 437 3142 583 3194; x_wconf 82' lang='lat' dir='ltr'><strong>recusans,</strong></span> <span class='ocrx_word' id='word_1_219' title='bbox 611 3123 682 3181; x_wconf 87' lang='lat' dir='ltr'><strong>nihil</strong></span> <span class='ocrx_word' id='word_1_220' title='bbox 709 3123 889 3201; x_wconf 87' lang='lat' dir='ltr'><strong>profecisset)</strong></span> <span class='ocrx_word' id='word_1_221' title='bbox 917 3123 1092 3198; x_wconf 79' lang='lat' dir='ltr'><strong>provinciam</strong></span> <span class='ocrx_word' id='word_1_222' title='bbox 1113 3123 1227 3199; x_wconf 88' lang='lat' dir='ltr'><strong>accepit</strong></span> 
     </span>
    </p>

    <p class='ocr_par' dir='ltr' id='par_1_10' title="bbox 187 3201 1227 3592">
     <span class='ocr_line' id='line_1_28' title="bbox 187 3201 1227 3278; baseline 0.003 -22"><span class='ocrx_word' id='word_1_223' title='bbox 187 3203 223 3256; x_wconf 78' lang='lat'><strong>25</strong></span> <span class='ocrx_word' id='word_1_224' title='bbox 239 3201 362 3259; x_wconf 89' lang='lat' dir='ltr'><strong>invitus:</strong></span> <span class='ocrx_word' id='word_1_225' title='bbox 384 3202 432 3259; x_wconf 91' lang='lat' dir='ltr'><strong>cui</strong></span> <span class='ocrx_word' id='word_1_226' title='bbox 447 3202 489 3258; x_wconf 87' lang='lat' dir='ltr'><strong>sic</strong></span> <span class='ocrx_word' id='word_1_227' title='bbox 502 3202 614 3276; x_wconf 86' lang='lat' dir='ltr'><strong>praefuit</strong></span> <span class='ocrx_word' id='word_1_228' title='bbox 630 3202 659 3258; x_wconf 93' lang='lat' dir='ltr'><strong>in</strong></span> <span class='ocrx_word' id='word_1_229' title='bbox 677 3220 759 3276; x_wconf 90' lang='lat' dir='ltr'><strong>pace,</strong></span> <span class='ocrx_word' id='word_1_230' title='bbox 774 3213 806 3258; x_wconf 92' lang='lat' dir='ltr'><strong>ut</strong></span> <span class='ocrx_word' id='word_1_231' title='bbox 819 3211 848 3258; x_wconf 91' lang='lat' dir='ltr'><strong>et</strong></span> <span class='ocrx_word' id='word_1_232' title='bbox 871 3202 982 3258; x_wconf 89' lang='lat' dir='ltr'><strong>civibus</strong></span> <span class='ocrx_word' id='word_1_233' title='bbox 1004 3212 1034 3258; x_wconf 87' lang='lat' dir='ltr'><strong>et</strong></span> <span class='ocrx_word' id='word_1_234' title='bbox 1057 3202 1144 3258; x_wconf 88' lang='lat' dir='ltr'><strong>sociis</strong></span> <span class='ocrx_word' id='word_1_235' title='bbox 1163 3221 1227 3278; x_wconf 90' lang='lat' dir='ltr'><strong>gra·</strong></span> 
     </span>
     <span class='ocr_line' id='line_1_29' title="bbox 237 3279 1224 3356; baseline 0.001 -20"><span class='ocrx_word' id='word_1_236' title='bbox 237 3280 348 3337; x_wconf 88' lang='lat' dir='ltr'><strong>tissima</strong></span> <span class='ocrx_word' id='word_1_237' title='bbox 361 3290 437 3337; x_wconf 88' lang='lat' dir='ltr'><strong>esset</strong></span> <span class='ocrx_word' id='word_1_238' title='bbox 451 3279 512 3354; x_wconf 85' lang='lat' dir='ltr'><strong>ejus</strong></span> <span class='ocrx_word' id='word_1_239' title='bbox 526 3280 676 3356; x_wconf 89' lang='lat' dir='ltr'><strong>integritas</strong></span> <span class='ocrx_word' id='word_1_240' title='bbox 690 3290 719 3336; x_wconf 90' lang='lat' dir='ltr'><strong>et</strong></span> <span class='ocrx_word' id='word_1_241' title='bbox 733 3279 812 3336; x_wconf 89' lang='lat' dir='ltr'><strong>fides.</strong></span> <span class='ocrx_word' id='word_1_242' title='bbox 854 3281 966 3338; x_wconf 89' lang='lat' dir='ltr'><strong>Bellum</strong></span> <span class='ocrx_word' id='word_1_243' title='bbox 981 3279 1075 3337; x_wconf 77' lang='lat' dir='ltr'><strong>subitd</strong></span> <span class='ocrx_word' id='word_1_244' title='bbox 1100 3282 1224 3351; x_wconf 81' lang='lat' dir='ltr'><strong>exarsit3</strong></span> 
     </span>
     <span class='ocr_line' id='line_1_30' title="bbox 238 3357 1223 3435; baseline 0.002 -21"><span class='ocrx_word' id='word_1_245' title='bbox 238 3360 322 3432; x_wconf 89' lang='lat' dir='ltr'><strong>quod,</strong></span> <span class='ocrx_word' id='word_1_246' title='bbox 337 3358 385 3433; x_wconf 91' lang='lat' dir='ltr'><strong>qui</strong></span> <span class='ocrx_word' id='word_1_247' title='bbox 400 3369 482 3415; x_wconf 91' lang='lat' dir='ltr'><strong>erant</strong></span> <span class='ocrx_word' id='word_1_248' title='bbox 496 3358 525 3414; x_wconf 92' lang='lat' dir='ltr'><strong>in</strong></span> <span class='ocrx_word' id='word_1_249' title='bbox 542 3358 653 3428; x_wconf 72' lang='lat' dir='ltr'><strong>Africa,</strong></span> <span class='ocrx_word' id='word_1_250' title='bbox 669 3357 735 3415; x_wconf 74' lang='lat' dir='ltr'><strong>ante</strong></span> <span class='ocrx_word' id='word_1_251' title='bbox 752 3359 904 3416; x_wconf 90' lang='lat' dir='ltr'><strong>audierunt</strong></span> <span class='ocrx_word' id='word_1_252' title='bbox 926 3359 998 3435; x_wconf 87' lang='lat' dir='ltr'><strong>geri,</strong></span> <span class='ocrx_word' id='word_1_253' title='bbox 1013 3357 1100 3432; x_wconf 71' lang='lat' dir='ltr'><strong>quarn</strong></span> <span class='ocrx_word' id='word_1_254' title='bbox 1121 3361 1223 3434; x_wconf 89' lang='lat' dir='ltr'><strong>parari.</strong></span> 
     </span>
     <span class='ocr_line' id='line_1_31' title="bbox 236 3437 1227 3513; baseline -0.002 -15"><span class='ocrx_word' id='word_1_255' title='bbox 236 3437 307 3498; x_wconf 81' lang='lat' dir='ltr'><strong>Quo</strong></span> <span class='ocrx_word' id='word_1_256' title='bbox 334 3437 441 3507; x_wconf 91' lang='lat' dir='ltr'><strong>audito,</strong></span> <span class='ocrx_word' id='word_1_257' title='bbox 463 3437 566 3512; x_wconf 90' lang='lat' dir='ltr'><strong>partim</strong></span> <span class='ocrx_word' id='word_1_258' title='bbox 589 3437 746 3512; x_wconf 89' lang='lat' dir='ltr'><strong>cupiditate</strong></span> <span class='ocrx_word' id='word_1_259' title='bbox 770 3437 992 3508; x_wconf 72' lang='lat' dir='ltr'><strong>inconsiderata,</strong></span> <span class='ocrx_word' id='word_1_260' title='bbox 1016 3437 1119 3513; x_wconf 85' lang='lat' dir='ltr'><strong>partim</strong></span> <span class='ocrx_word' id='word_1_261' title='bbox 1147 3457 1227 3496; x_wconf 80' lang='lat' dir='ltr'><strong>caeoo</strong></span> 
     </span>
     <span class='ocr_line' id='line_1_32' title="bbox 237 3513 1227 3592; baseline 0.001 -20"><span class='ocrx_word' id='word_1_262' title='bbox 237 3517 359 3591; x_wconf 87' lang='lat' dir='ltr'><strong>quodam</strong></span> <span class='ocrx_word' id='word_1_263' title='bbox 374 3516 485 3585; x_wconf 88' lang='lat' dir='ltr'><strong>timore,</strong></span> <span class='ocrx_word' id='word_1_264' title='bbox 499 3513 591 3592; x_wconf 82' lang='lat' dir='ltr'><strong>primb</strong></span> <span class='ocrx_word' id='word_1_265' title='bbox 616 3515 725 3585; x_wconf 91' lang='lat' dir='ltr'><strong>salutis,</strong></span> <span class='ocrx_word' id='word_1_266' title='bbox 749 3514 814 3591; x_wconf 82' lang='lat' dir='ltr'><strong>pbst</strong></span> <span class='ocrx_word' id='word_1_267' title='bbox 836 3516 923 3573; x_wconf 91' lang='lat' dir='ltr'><strong>etiam</strong></span> <span class='ocrx_word' id='word_1_268' title='bbox 941 3517 1028 3573; x_wconf 88' lang='lat' dir='ltr'><strong>studii</strong></span> <span class='ocrx_word' id='word_1_269' title='bbox 1042 3516 1097 3586; x_wconf 90' lang='lat' dir='ltr'><strong>sui,</strong></span> <span class='ocrx_word' id='word_1_270' title='bbox 1119 3535 1227 3590; x_wconf 84' lang='lat' dir='ltr'><strong>quaere-</strong></span> 
     </span>
    </p>

    <p class='ocr_par' dir='ltr' id='par_1_11' title="bbox 186 3591 1225 3984">
     <span class='ocr_line' id='line_1_33' title="bbox 186 3591 1225 3670; baseline 0.006 -24"><span class='ocrx_word' id='word_1_271' title='bbox 186 3592 223 3646; x_wconf 88' lang='grc'><strong>30</strong></span> <span class='ocrx_word' id='word_1_272' title='bbox 237 3595 306 3651; x_wconf 87' lang='lat' dir='ltr'><strong>bant</strong></span> <span class='ocrx_word' id='word_1_273' title='bbox 321 3594 444 3668; x_wconf 88' lang='lat' dir='ltr'><strong>aliquem</strong></span> <span class='ocrx_word' id='word_1_274' title='bbox 458 3595 579 3652; x_wconf 88' lang='lat' dir='ltr'><strong>ducem:</strong></span> <span class='ocrx_word' id='word_1_275' title='bbox 601 3591 667 3650; x_wconf 81' lang='lat' dir='ltr'><strong>cbm</strong></span> <span class='ocrx_word' id='word_1_276' title='bbox 683 3593 827 3670; x_wconf 90' lang='lat' dir='ltr'><strong>Ligarius,</strong></span> <span class='ocrx_word' id='word_1_277' title='bbox 842 3596 958 3652; x_wconf 89' lang='lat' dir='ltr'><strong>domum</strong></span> <span class='ocrx_word' id='word_1_278' title='bbox 978 3604 1120 3670; x_wconf 86' lang='lat' dir='ltr'><strong>spectans,</strong></span> <span class='ocrx_word' id='word_1_279' title='bbox 1136 3606 1165 3652; x_wconf 90' lang='lat' dir='ltr'><strong>et</strong></span> <span class='ocrx_word' id='word_1_280' title='bbox 1188 3597 1225 3652; x_wconf 89' lang='lat' dir='ltr'><strong>ad</strong></span> 
     </span>
     <span class='ocr_line' id='line_1_34' title="bbox 237 3672 1224 3749; baseline 0.003 -21"><span class='ocrx_word' id='word_1_281' title='bbox 237 3693 303 3729; x_wconf 89' lang='lat' dir='ltr'><strong>suos</strong></span> <span class='ocrx_word' id='word_1_282' title='bbox 323 3674 416 3730; x_wconf 91' lang='lat' dir='ltr'><strong>redire</strong></span> <span class='ocrx_word' id='word_1_283' title='bbox 440 3673 568 3748; x_wconf 79' lang='lat' dir='ltr'><strong>copiane,</strong></span> <span class='ocrx_word' id='word_1_284' title='bbox 597 3672 675 3729; x_wconf 92' lang='lat' dir='ltr'><strong>nullo</strong></span> <span class='ocrx_word' id='word_1_285' title='bbox 695 3691 726 3729; x_wconf 90' lang='lat' dir='ltr'><strong>se</strong></span> <span class='ocrx_word' id='word_1_286' title='bbox 753 3673 894 3748; x_wconf 88' lang='lat' dir='ltr'><strong>implicari</strong></span> <span class='ocrx_word' id='word_1_287' title='bbox 918 3674 1033 3749; x_wconf 87' lang='lat' dir='ltr'><strong>negotio</strong></span> <span class='ocrx_word' id='word_1_288' title='bbox 1052 3693 1153 3748; x_wconf 83' lang='lat' dir='ltr'><strong>passus</strong></span> <span class='ocrx_word' id='word_1_289' title='bbox 1171 3684 1224 3731; x_wconf 87' lang='lat' dir='ltr'><strong>est.</strong></span> 
     </span>
     <span class='ocr_line' id='line_1_35' title="bbox 239 3750 1224 3826; baseline 0.004 -21"><span class='ocrx_word' id='word_1_290' title='bbox 239 3751 356 3806; x_wconf 83' lang='lat' dir='ltr'><strong>{nterim</strong></span> <span class='ocrx_word' id='word_1_291' title='bbox 388 3751 418 3809; x_wconf 90' lang='lat' dir='ltr'><strong>P.</strong></span> <span class='ocrx_word' id='word_1_292' title='bbox 442 3753 539 3808; x_wconf 82' lang='lat' dir='ltr'><strong>Attius</strong></span> <span class='ocrx_word' id='word_1_293' title='bbox 569 3751 673 3821; x_wconf 79' lang='lat' dir='ltr'><strong>VaruS,</strong></span> <span class='ocrx_word' id='word_1_294' title='bbox 695 3750 743 3824; x_wconf 93' lang='lat' dir='ltr'><strong>qui</strong></span> <span class='ocrx_word' id='word_1_295' title='bbox 771 3764 872 3826; x_wconf 77' lang='lat' dir='ltr'><strong>praemr</strong></span> <span class='ocrx_word' id='word_1_296' title='bbox 893 3752 1025 3808; x_wconf 88' lang='lat' dir='ltr'><strong>Africam</strong></span> <span class='ocrx_word' id='word_1_297' title='bbox 1051 3753 1224 3823; x_wconf 90' lang='lat' dir='ltr'><strong>obtinuerat,</strong></span> 
     </span>
     <span class='ocr_line' id='line_1_36' title="bbox 239 3829 1225 3905; baseline 0.004 -21"><span class='ocrx_word' id='word_1_298' title='bbox 239 3829 352 3884; x_wconf 89' lang='lat' dir='ltr'><strong>Uticam</strong></span> <span class='ocrx_word' id='word_1_299' title='bbox 381 3829 476 3885; x_wconf 90' lang='lat' dir='ltr'><strong>venit:</strong></span> <span class='ocrx_word' id='word_1_300' title='bbox 498 3831 533 3886; x_wconf 91' lang='lat' dir='ltr'><strong>ad</strong></span> <span class='ocrx_word' id='word_1_301' title='bbox 556 3849 622 3886; x_wconf 92' lang='lat' dir='ltr'><strong>eum</strong></span> <span class='ocrx_word' id='word_1_302' title='bbox 645 3829 740 3886; x_wconf 89' lang='lat' dir='ltr'><strong>statim</strong></span> <span class='ocrx_word' id='word_1_303' title='bbox 762 3849 934 3887; x_wconf 89' lang='lat' dir='ltr'><strong>concursum</strong></span> <span class='ocrx_word' id='word_1_304' title='bbox 955 3841 1006 3887; x_wconf 87' lang='lat' dir='ltr'><strong>est.</strong></span> <span class='ocrx_word' id='word_1_305' title='bbox 1058 3832 1156 3905; x_wconf 89' lang='lat' dir='ltr'><strong>Atque</strong></span> <span class='ocrx_word' id='word_1_306' title='bbox 1177 3832 1225 3888; x_wconf 89' lang='lat' dir='ltr'><strong>ille</strong></span> 
     </span>
     <span class='ocr_line' id='line_1_37' title="bbox 237 3905 1224 3984; baseline 0.006 -24"><span class='ocrx_word' id='word_1_307' title='bbox 237 3924 293 3960; x_wconf 89' lang='lat' dir='ltr'><strong>non</strong></span> <span class='ocrx_word' id='word_1_308' title='bbox 309 3905 446 3961; x_wconf 91' lang='lat' dir='ltr'><strong>mediocri</strong></span> <span class='ocrx_word' id='word_1_309' title='bbox 458 3907 613 3980; x_wconf 85' lang='lat' dir='ltr'><strong>cupiditate</strong></span> <span class='ocrx_word' id='word_1_310' title='bbox 628 3907 746 3982; x_wconf 87' lang='lat' dir='ltr'><strong>arripuit</strong></span> <span class='ocrx_word' id='word_1_311' title='bbox 761 3907 921 3982; x_wconf 90' lang='lat' dir='ltr'><strong>imperium,</strong></span> <span class='ocrx_word' id='word_1_312' title='bbox 936 3908 959 3964; x_wconf 87' lang='lat' dir='ltr'><strong>si</strong></span> <span class='ocrx_word' id='word_1_313' title='bbox 981 3909 1052 3965; x_wconf 90' lang='lat' dir='ltr'><strong>illud</strong></span> <span class='ocrx_word' id='word_1_314' title='bbox 1073 3909 1224 3984; x_wconf 83' lang='lat' dir='ltr'><strong>imperium</strong></span> 
     </span>
    </p>

    <p class='ocr_par' dir='ltr' id='par_1_12' title="bbox 185 3981 1226 4064">
     <span class='ocr_line' id='line_1_38' title="bbox 185 3981 1226 4064; baseline 0.007 -25"><span class='ocrx_word' id='word_1_315' title='bbox 185 3987 226 4040; x_wconf 80' lang='lat'><strong>35</strong></span> <span class='ocrx_word' id='word_1_316' title='bbox 238 3999 300 4036; x_wconf 89' lang='lat' dir='ltr'><strong>esse</strong></span> <span class='ocrx_word' id='word_1_317' title='bbox 314 3981 413 4055; x_wconf 86' lang='lat' dir='ltr'><strong>potuit,</strong></span> <span class='ocrx_word' id='word_1_318' title='bbox 429 3984 503 4054; x_wconf 92' lang='lat' dir='ltr'><strong>quod</strong></span> <span class='ocrx_word' id='word_1_319' title='bbox 518 3983 554 4039; x_wconf 86' lang='lat' dir='ltr'><strong>ad</strong></span> <span class='ocrx_word' id='word_1_320' title='bbox 568 3984 719 4058; x_wconf 88' lang='lat' dir='ltr'><strong>privatum,</strong></span> <span class='ocrx_word' id='word_1_321' title='bbox 734 3985 859 4042; x_wconf 87' lang='lat' dir='ltr'><strong>clamore</strong></span> <span class='ocrx_word' id='word_1_322' title='bbox 873 3985 1065 4043; x_wconf 87' lang='lat' dir='ltr'><strong>multitudinis</strong></span> <span class='ocrx_word' id='word_1_323' title='bbox 1076 3987 1226 4064; x_wconf 76' lang='lat' dir='ltr'><strong>imperitae,</strong></span> 
     </span>
    </p>
   </div>
   <div class='ocr_carea' id='block_1_5' title="bbox 0 0 1392 4425">
    <p class='ocr_par' dir='ltr' id='par_1_13' title="bbox 0 0 1392 4425">
     <span class='ocr_line' id='line_1_39' title="bbox 0 0 1392 4425; baseline 0 3"><span class='ocrx_word' id='word_1_324' title='bbox 0 0 1392 4425; x_wconf 95' lang='lat' dir='ltr'><strong> </strong></span> 
     </span>
    </p>
   </div>
  </div>
 </body>
</html>
