2775 4425
389 368 525 419 ORATIO
547 368 617 419 PRO
638 369 736 419 LEGE
758 368 924 419 Manlum.
1160 368 1201 427 43

161 532 197 570 ac
211 512 292 582 focis,
307 512 344 569 de
359 512 433 571 lanis
447 532 482 570 ec
495 512 617 589 templis,
630 514 665 571 de
680 512 767 571 totius
780 512 860 571 urbis
872 510 958 569 tectis
972 528 1007 569 ac
1021 510 1148 581 sedibus,

161 592 197 649 de
213 592 341 666 imperio,
357 592 393 649 de
407 592 548 661 libertate,
564 593 600 649 de
621 593 713 649 salute
734 591 835 661 ltalia,
850 592 943 665 deque
957 590 1090 647 universa
1106 608 1149 647 re·

160 670 287 745 publica,
303 671 450 727 decernite
471 670 633 746 diligenter,
649 680 680 726 ut
694 670 866 741 instituistis,
881 688 916 727 ac
930 669 1047 727 l'crtiter.
1089 668 1150 724 lla·

161 748 235 804 betis
250 749 327 804 enim
341 765 408 804 eum
423 749 580 819 consulem,
595 750 643 824 qui
664 760 693 806 et
712 768 813 825 parere
833 748 934 806 uestris
953 746 1078 805 decretis
1091 766 1149 804 non

161 826 282 896 dubitet,
297 837 326 883 et
346 845 391 895 ea,
406 846 468 901 qum
489 828 655 899 statueritis,
669 828 764 903 quoad
778 828 861 898 viret,
876 826 1042 898 defendere,
1056 837 1086 882 et
1098 843 1148 902 per
1183 815 1201 867 5

161 924 193 961 se
208 905 299 980 ipsum
312 915 457 980 prestare,
471 904 567 981 possit.

544 1311 774 1392 ORATIO

248 1526 391 1601 PRO
445 1526 644 1604 LEGE
697 1528 1061 1604 MANILIA.

203 1830 227 1887 l.
267 1830 451 1893 Quanquam
478 1830 549 1888 milri
576 1850 687 1907 semper
716 1832 849 1908 frequens
868 1844 1039 1911 conspectus
1059 1844 1150 1894 vester

164 1908 254 1967 multd
266 1909 501 1985 jucundissimus,
517 1909 565 1967 hic
580 1921 675 1967 autem
695 1911 776 1969 locus
797 1913 834 1969 ad
854 1914 998 1989 agendum
1013 1914 1151 1989 amplissi-

163 2008 237 2058 mus,
260 1988 296 2044 ad
316 1988 472 2045 dicendum
495 1988 692 2047 ornatissimus
712 2001 756 2047 est
775 1989 862 2062 visus,
882 1991 1031 2061 Quirites3
1052 2003 1150 2050 tamen

164 2068 220 2126 hoc
241 2066 319 2122 aditu
340 2067 443 2137 laudis,
458 2067 506 2141 qui
527 2085 637 2141 semper
657 2068 765 2142 optimc
784 2069 889 2144 cuique
904 2069 1028 2126 maxime
1047 2071 1150 2146 patuit,
1169 2082 1203 2135 ιο

164 2165 221 2203 non
242 2164 307 2201 mea
327 2164 373 2202 me
394 2146 533 2216 voluntas,
554 2146 605 2201 sed
633 2164 705 2201 mear
725 2146 790 2203 vitae
819 2150 955 2218 rationes,
976 2148 1013 2203 ab
1034 2148 1151 2205 ineunte

163 2234 248 2282 aetate
262 2235 411 2299 susceptae,
424 2225 639 2300 prohibuerunt.
681 2224 710 2280 N
713 2242 760 2281 am
771 2224 839 2282 cium
854 2237 949 2295 antea,
963 2244 1014 2299 per
1027 2236 1151 2295 oetatem,

163 2304 292 2361 nondum
313 2304 398 2378 hujus
418 2303 617 2360 auctoritatem
638 2302 694 2359 loci
716 2303 857 2379 attingere
872 2303 1007 2360 auderem
1018 2323 1026 2373 ;
1047 2314 1153 2362 statue·

164 2401 291 2456 remque,
306 2382 377 2438 nihil
393 2384 460 2452 huc,
474 2381 530 2438 nisi
544 2381 703 2457 perlectum
724 2381 850 2459 ingenio,
864 2382 1041 2440 elaboratum
1056 2381 1153 2440 indus·

165 2461 230 2532 tria,
246 2459 339 2516 afferri
353 2471 498 2536 oportere;
519 2479 605 2518 omne
616 2478 713 2516 meum
723 2471 836 2538 tempus
850 2461 1009 2519 amicorum
1019 2461 1152 2538 tempori-
1170 2473 1204 2526 15

165 2540 219 2597 bus
239 2539 489 2596 transmittendum
518 2538 624 2615 putavi.
666 2538 714 2596 Ita
739 2560 833 2616 neque
860 2540 909 2598 hic
934 2540 1017 2598 locus
1042 2561 1152 2599 vacuus

166 2637 291 2693 unquam
303 2617 356 2674 luit
370 2618 406 2674 ab
421 2617 456 2674 iis
469 2618 518 2695 qui
533 2628 654 2674 vestram
669 2637 788 2676 causam
802 2619 989 2678 defenderent
997 2641 1005 2691 ;
1026 2631 1055 2678 et
1069 2640 1152 2679 meus

165 2692 255 2767 laibos,
270 2696 299 2754 in
320 2696 493 2772 privatorum
513 2696 649 2773 periculis
669 2697 750 2755 caste
771 2697 940 2775 integreque
961 2712 1097 2770 versatus,
1115 2720 1152 2759 ex

165 2786 258 2842 ¹vestro
276 2775 386 2851 judicic
407 2776 531 2832 fructum
552 2784 596 2832 est
617 2775 824 2852 amplissimum
850 2789 1031 2836 consecutus.
1073 2779 1152 2836 Nam

166 2853 244 2925 clun,
258 2867 370 2930 propter
391 2854 556 2912 dilationem
577 2854 768 2925 comitiorum,
780 2865 825 2912 ter
844 2868 945 2932 praetcr
963 2857 1072 2931 primus
1085 2877 1152 2915 cen·
1168 2863 1204 2915 20

165 2933 247 2990 turiis
268 2933 382 2990 cunctis
401 2934 580 2991 renuntiatus
600 2951 674 3002 sum,
696 2931 781 2990 facilc
803 2933 940 3003 intellexi,
960 2935 1103 3005 Quirites,
1124 2946 1153 2992 et

164 3012 234 3088 quid
254 3012 290 3069 de
312 3031 357 3069 me
374 3011 552 3087 judicaretis,
567 3021 596 3068 et
616 3010 685 3085 quid
704 3011 768 3066 aliis
780 3011 1011 3086 praescriberetis.
1052 3011 1152 3084 Nunc,

166 3090 234 3148 cirm
248 3101 277 3147 et
292 3089 468 3148 auctoritatis
483 3089 512 3148 in
525 3108 572 3146 me
586 3098 699 3145 tantum
716 3087 763 3158 sit,
777 3098 915 3163 quantum
930 3108 979 3145 vos
999 3090 1154 3147 honoribus

166 3169 337 3226 mandandis
358 3189 420 3226 esse
441 3167 578 3237 voluistis,
593 3177 622 3224 et
643 3166 679 3222 ad
701 3167 846 3242 agendum
867 3166 1012 3223 facultatis
1030 3177 1153 3239 tantum,

166 3257 304 3323 quantum
319 3247 426 3305 homini
441 3245 570 3323 vigilanti
584 3265 620 3303 ex
634 3245 739 3302 sorensi
760 3264 814 3302 usu
832 3244 919 3321 prope
934 3246 1100 3321 quotidiana
1113 3247 1154 3303 di·
1170 3249 1206 3303 25

167 3326 252 3384 cendi
267 3326 433 3384 exercitatio
452 3324 544 3401 potuit
558 3323 676 3394 afferre;
699 3323 789 3397 certe,
803 3335 842 3395 et,
857 3324 963 3400 siquid
978 3324 1155 3383 auctoritatis

167 3405 197 3463 in
212 3424 258 3461 me
271 3414 324 3475 est,
338 3405 374 3462 eti
396 3405 471 3480 apud
492 3423 541 3461 eos
561 3413 635 3473 utar,
649 3403 699 3478 qui
719 3423 783 3461 eam
804 3402 875 3462 mihi
896 3405 1055 3475 dederunt;
1076 3415 1114 3475 et,
1129 3405 1153 3461 si

166 3483 235 3559 quid
256 3483 343 3540 etiam
364 3483 488 3540 dicendo
511 3481 647 3557 consequi
674 3501 799 3558 possum,
820 3483 856 3540 iis
875 3485 1025 3541 ostendam
1044 3483 1155 3559 potissi·

168 3560 257 3632 mlrm,
272 3562 319 3636 qui
334 3560 361 3620 ei
375 3580 488 3637 quoque
502 3561 543 3618 rei
558 3561 682 3618 fructum
697 3580 749 3619 suo
760 3561 870 3637 judicio
890 3561 1075 3619 tribuendum
1091 3581 1154 3620 esse

167 3651 350 3698 censuerunt.
392 3641 489 3714 Atque
504 3639 573 3696 illud
589 3638 730 3714 inprimis
750 3639 820 3697 mihi
841 3641 996 3697 laetandum
1013 3640 1078 3716 jure
1091 3661 1155 3700 esse
1170 3642 1207 3700 30

167 3719 259 3790 videc,
274 3719 362 3795 quud,
377 3718 407 3777 in
424 3720 479 3776 hac
494 3718 607 3776 insolita
622 3717 691 3774 mihi
706 3738 741 3775 ex
756 3719 889 3777 hocloco
903 3719 1013 3776 ratione
1027 3719 1155 3794 dicendi,

167 3817 256 3855 causa
276 3799 342 3855 talis
362 3799 459 3856 oblata
478 3808 531 3868 est,
553 3796 582 3854 in
603 3795 659 3871 qud
685 3796 777 3854 oratio
798 3797 898 3854 deesse
925 3797 1033 3856 nemini
1053 3811 1152 3876 potest.

170 3875 334 3936 Dicendum
360 3887 404 3936 est
431 3876 508 3934 enim
529 3877 565 3934 de
592 3877 647 3934 Cn.
669 3874 798 3952 Pompeii
828 3875 968 3954 singulari
990 3879 1155 3954 eximiique
