2775 4425
397 365 533 416 ORATIO
556 365 593 416 IN
616 367 653 416 M.
677 367 881 419 ANTONIUM.
1127 365 1180 424 151

137 508 225 566 etiam
248 509 436 585 spectionem.
478 509 560 581 Esto,
588 511 643 568 lrcc
671 509 821 587 imperite:
852 530 909 570 nec
928 510 1007 570 enim
1028 521 1073 569 est
1093 511 1132 568 ab

139 589 257 646 homine
278 607 424 665 nunquam
450 590 544 648 sobrio
567 591 739 665 postulanda
759 591 932 667 prudentia:
961 591 1012 648 sed
1036 591 1132 648 ridete

139 667 358 742 impudentiam.
414 667 515 726 Multis
544 667 611 726 ante
638 669 788 727 mensibus
816 669 845 727 in
867 682 970 727 senatu
990 670 1073 740 dixit,
1099 687 1132 727 se

139 745 298 803 Dolabellae
320 747 438 804 comitia
459 756 507 804 aut
527 748 738 824 prohibiturum
759 749 906 824 auspiciis,
920 759 970 806 aut
991 748 1020 806 id
1041 749 1133 806 sactu·

139 844 201 882 rum
228 844 302 895 esse,
324 825 399 901 quod
428 826 504 884 lecit.
559 827 763 902 Quisquamne
790 827 920 885 diuinare
940 837 1043 904 potest,
1063 826 1132 904 qnid
1163 829 1183 880 5

139 904 200 960 vitii
222 905 251 960 in
275 904 411 980 auspiciis
425 904 551 962 loturum
566 907 613 976 sit,
628 907 683 963 nisi
698 907 746 982 qui
761 907 799 964 de
812 907 887 964 ooelo
900 926 1013 964 serrare
1027 907 1132 964 consti·

140 983 216 1040 tuitl
237 984 313 1058 quod
336 1001 428 1059 neque
442 984 510 1042 licet
531 985 655 1043 comitiis
675 1005 727 1062 per
746 985 841 1062 leges3
862 997 902 1056 et,
916 985 1019 1062 siquis
1038 1005 1133 1043 serra·

141 1063 189 1132 vit,
217 1082 276 1118 non
308 1063 412 1119 habitis
433 1063 579 1134 comitiis„
595 1064 646 1120 sed
667 1065 833 1140 priusquam
854 1065 1025 1136 habeantur,
1045 1063 1134 1122 debet

141 1142 283 1198 nuntiare.
339 1141 448 1198 Verrim
471 1141 617 1220 implicata
638 1143 753 1200 inscitia
780 1144 959 1221 Impudentift
979 1154 1041 1214 est;
1076 1161 1132 1201 nec

141 1220 195 1276 scit
212 1220 288 1294 quod
304 1239 453 1296 augurem,
467 1241 523 1279 nac
539 1222 608 1279 lacit
620 1222 696 1298 quod
718 1223 884 1298 pudentem,
899 1223 993 1281 decet
1035 1223 1132 1299 Atque
1149 1218 1183 1272 1⁰

140 1319 176 1355 ex
191 1299 239 1354 illo
253 1299 300 1355 die
321 1299 513 1357 recordamini
533 1300 606 1377 ejus,
621 1321 711 1378 usqne
732 1301 768 1358 ad
791 1302 862 1360 Idus
884 1302 1015 1372 Martias,
1029 1321 1134 1360 consu·

141 1376 238 1434 latum.
279 1377 358 1439 Quis
372 1398 496 1453 unquam
517 1381 659 1456 apparitor
679 1391 740 1438 tam
761 1381 888 1452 humilis,
902 1393 961 1438 tam
982 1382 1132 1456 abjectusl

140 1456 221 1513 Nihil
238 1456 298 1532 ipse
319 1469 445 1533 poterat:
466 1459 564 1516 omnia
584 1459 721 1536 rogabat:
742 1472 831 1535 caput
851 1459 881 1517 in
902 1479 1031 1517 aversam
1052 1459 1134 1516 lecti-

140 1554 205 1592 cam
222 1536 361 1606 inserens,
378 1537 529 1608 beneficia,
544 1557 607 1614 que
622 1539 769 1609 venderet,
786 1557 803 1595 a
816 1538 929 1615 collega
942 1539 1067 1614 petebat.

180 1613 332 1672 XXXIII.
375 1615 455 1674 Ecce
475 1616 633 1676 Dolabellae
650 1617 832 1676 comitiorum
847 1618 919 1688 dies,
933 1617 1044 1676 sortitio
1063 1617 1184 1692 prae-15

140 1695 292 1769 rogativae:
314 1695 449 1770 quiescit.
491 1696 708 1755 Renuntiatur:
730 1707 817 1754 tacet.
859 1696 957 1754 PrIma
971 1697 1073 1754 classis
1088 1715 1134 1753 vo-

140 1783 240 1830 catur:
262 1775 459 1832 renuntiatur:
488 1775 594 1834 deinde
617 1775 663 1853 (ut
685 1776 803 1853 assolet)
825 1775 979 1854 suffragia:
1008 1786 1069 1834 tum
1090 1795 1134 1832 se·

141 1853 237 1909 cunda
264 1852 382 1911 classis:
412 1873 476 1930 quae
502 1855 600 1913 omnia
626 1854 715 1914 citiirs
741 1867 809 1913 sunt
835 1856 922 1928 lacta,
947 1854 1034 1932 quim
1061 1854 1130 1914 dixi,

141 1931 283 1990 Confecto
304 1933 429 2010 negotio,
452 1934 545 1992 bonus
570 1953 661 2012 augur
686 1934 823 2012 (Laelium
837 1935 964 2014 diceres)
980 1954 1051 1994 saro
1077 1953 1131 1992 nie

52 2031 57 2042 ·
142 2010 240 2087 inquit.
283 2010 311 2068 O
334 2012 541 2088 impudentiam
565 2013 757 2090 singularem!
797 2014 880 2076 Quid
905 2015 1036 2072 viderasl
1063 2014 1131 2090 quid
1146 2009 1183 2064 w

141 2091 291 2148 senserasl
325 2092 393 2167 quid
422 2092 571 2150 audierasl
599 2113 654 2150 nec
679 2093 758 2151 enirn
784 2102 813 2149 te
840 2093 877 2150 de
903 2093 978 2150 coelo
1003 2093 1133 2150 servans

141 2169 246 2242 dixisti,
269 2189 362 2247 neque
385 2171 470 2229 hodie
491 2172 573 2231 diois.
616 2171 651 2231 ld
674 2171 761 2249 igitur
780 2171 898 2229 obvenit
924 2171 1036 2242 vitium,
1055 2171 1133 2247 quod

141 2251 241 2326 tojam
257 2250 397 2309 Calendis
411 2251 558 2309 Ianuariis
579 2251 708 2309 futurum
728 2270 793 2309 esse
813 2251 988 2327 provideras,
1000 2261 1032 2307 et
1051 2248 1133 2307 tauto

141 2328 207 2385 ante
235 2330 418 2406 praedixeras.
473 2332 551 2408 Ergo
584 2331 731 2409 (hercule)
760 2330 877 2407 magni,
905 2339 937 2388 ut
962 2348 1056 2407 spero,
1083 2327 1134 2386 tuti

140 2407 341 2485 potiusquam
363 2410 530 2485 reipublice
557 2410 733 2482 calamitate,
754 2410 910 2468 ementitus
929 2429 962 2468 es
986 2408 1132 2484 auspicia:
1147 2408 1184 2463 25

141 2488 317 2546 obstrinxisti
345 2490 481 2566 populum
514 2490 682 2549 Romanum
709 2490 866 2567 religione;
900 2508 992 2567 augur
1020 2488 1133 2566 augon,

142 2567 241 2625 consul
256 2568 380 2638 consuli,
394 2570 580 2628 obnuntidsti
623 2569 700 2627 Nolo
719 2570 812 2646 plura,
826 2590 864 2628 ne
886 2580 952 2627 acta
972 2568 1132 2627 Dolabella

143 2645 238 2703 ridear
259 2648 441 2718 convellere3
462 2668 525 2724 quae
547 2668 666 2708 necesse
687 2660 731 2707 est
757 2649 912 2726 aliquando
939 2649 975 2707 ad
1003 2659 1133 2707 nostrum

142 2726 297 2801 collegium
312 2726 486 2785 deferantur.

182 2806 240 2861 Sed
281 2806 473 2883 arrogantiam
510 2806 634 2866 hominis
674 2807 914 2883 insolentiamque
954 2808 1131 2883 cognoscite.
1146 2804 1184 2859 30

141 2882 293 2945 Quamdiu
315 2895 347 2944 tu
365 2885 453 2957 solos,
476 2885 594 2945 vitiosus
615 2888 719 2945 consul
741 2886 912 2955 Dolabella;
941 2905 1049 2955 rursus,
1063 2884 1133 2941 crim

143 2962 229 3034 voles,
249 2964 334 3021 salvis
357 2966 493 3041 auspiciis
514 2976 636 3024 creatus.
679 2967 712 3023 Si
733 2963 805 3021 nihil
825 2974 880 3034 est,
895 2962 964 3021 cirm
985 2982 1077 3038 augur
1099 2963 1134 3020 iis

143 3042 236 3099 verbis
256 3044 381 3114 nuntiat,
395 3045 499 3119 quibus
523 3055 553 3103 tu
578 3044 737 3113 nuntidsti3
758 3041 897 3099 confitere
916 3052 956 3111 te,
971 3040 1039 3098 cdm
1063 3060 1134 3096 nnio

144 3139 196 3177 urs
218 3122 335 3194 dixeris,
349 3124 476 3181 sobrium
498 3144 555 3183 non
582 3124 687 3182 fuisse:
709 3122 754 3178 sin
775 3130 819 3177 est
840 3118 997 3195 aliquavis
1017 3119 1048 3177 in
1073 3119 1135 3176 istis

143 3201 246 3271 serbis,
261 3220 297 3259 sa
309 3220 373 3277 quae
388 3202 434 3274 sit,
450 3222 541 3280 augur
556 3223 573 3261 a
587 3202 700 3278 collega
714 3200 836 3277 requiro.
1148 3203 1185 3257 35

183 3280 252 3350 Sed,
268 3299 305 3337 ne
327 3280 409 3352 sorte,
431 3301 468 3339 ex
495 3283 592 3340 multis
618 3282 706 3339 rebus
732 3280 821 3357 gestis
843 3278 885 3337 M.
913 3278 1046 3349 Antonii,
1073 3294 1135 3334 rem

143 3376 230 3415 unam
241 3359 464 3435 pulcherrimam
476 3362 617 3419 transiliat
626 3361 729 3431 oratio,
741 3360 777 3417 ad
791 3358 965 3435 Lupercalia
975 3357 1134 3415 veniamus.

182 3437 330 3496 XXXIV.
362 3439 431 3497 Non
443 3440 615 3511 dissImulat,
627 3440 727 3498 Patres
738 3438 921 3516 Conscripti:
943 3447 1061 3513 apparet
1071 3453 1135 3494 esse

145 3528 339 3575 commotum:
365 3520 459 3590 sudat,
480 3520 585 3597 pallet:
607 3519 757 3596 quidlibet,
779 3518 864 3578 modb
885 3538 923 3576 ne
943 3526 1073 3587 nauseet,
1096 3515 1136 3572 sa·

145 3595 212 3668 ciat,
227 3597 304 3672 quod
320 3597 348 3654 in
363 3600 476 3673 porticu
498 3598 632 3657 Minucia
653 3600 731 3657 fecit.
771 3598 850 3659 Quae
863 3608 1034 3675 potestesse
1048 3594 1136 3671 turpi·
1150 3595 1186 3649 to

144 3675 252 3733 tudinis
262 3687 350 3734 tantae
364 3678 515 3737 delensiol
556 3678 651 3755 Cupio
666 3679 783 3748 audire3
805 3689 836 3736 ut
847 3675 1029 3747 rideam,ubi
1043 3676 1137 3733 rheto-

144 3755 182 3812 ris
195 3764 276 3812 tanta
291 3775 414 3828 merces,
430 3759 479 3815 ubi
493 3778 614 3835 campus
635 3758 807 3827 Leontinus,
822 3765 966 3832 appareat.
1009 3755 1138 3813 Sedebat

146 3833 174 3891 iu
201 3834 318 3892 Rostris
346 3836 459 3915 collega
483 3848 560 3909 tuus,
583 3837 707 3895 amictus
733 3836 800 3913 toga
825 3834 984 3913 purpurei,¹
1009 3835 1039 3893 in
1066 3833 1138 3893 sella

147 3915 242 3987 aurea,
257 3927 421 3975 coronatus.
464 3916 646 3989 Adscendis3
669 3916 786 3974 accedis
800 3916 835 3974 ad
857 3914 975 3986 sellam3
998 3913 1053 3993 (ita
1072 3933 1138 3974 oras
