2775 4425
360 376 498 427 ORATIO
519 376 590 427 etto
611 376 711 427 astte
733 374 929 427 ΒΕῙΟΤΑΒΟ.
1148 375 1190 437 85

188 520 231 577 At
251 518 329 577 misit
350 520 386 577 ad
408 520 570 591 Caecilium,
584 520 685 579 nescio
701 538 805 597 quern:
826 520 876 578 sed
890 538 951 590 eos,
965 538 1036 596 quos
1050 516 1138 590 misit,

147 597 226 673 qudd
248 599 289 655 ira
310 600 473 669 noluerunt,
489 600 518 656 in
534 600 650 657 vincula
670 600 805 675 conjecit.
847 598 916 657 Nou
928 618 1035 675 quaero,
1049 596 1137 673 quina

148 678 304 734 verisimile
325 676 372 748 sit,
387 688 437 735 cut
457 697 515 735 non
537 678 672 735 habuisse
700 696 808 754 regern,
829 698 901 753 quos
921 678 1062 747 mitteret;
1089 686 1139 733 aut

149 774 210 825 eos,
231 776 303 831 quos
323 756 457 827 misisset,
478 776 536 815 non
557 756 703 833 paruisse;
733 768 791 827 aut,
811 756 861 833 qui
881 756 961 814 dicto
988 756 1140 813 audientes

150 834 181 891 in
204 834 285 891 tenui
306 852 337 891 re
359 854 417 892 non
440 835 570 904 fuissent,
590 852 640 891 eos
664 835 776 892 vinctos
796 832 892 911 potiris
912 833 998 909 quim
1020 846 1140 893 necatos
1170 838 1189 891 5

151 912 248 970 fuisse.
292 913 351 969 Sed
371 923 469 971 tamen
490 911 558 971 ciun
579 913 615 970 ad
637 913 789 971 Caecilium
806 912 947 983 mittebat,
962 911 1057 971 utrum
1071 931 1140 971 cau·

150 1010 213 1047 sam
236 990 314 1047 illam
334 991 440 1049 victam
461 1010 525 1049 esse
546 991 706 1062 nesciebat,
720 1010 757 1049 an
777 991 931 1049 Caecilium
952 990 1039 1049 istum
1059 1010 1139 1069 mag·

150 1088 222 1127 num
244 1070 389 1127 hominem
410 1071 549 1147 putabatt
569 1088 654 1147 quern
675 1069 804 1164 proiecto
826 1071 860 1141 is,
878 1070 927 1146 qui
946 1068 1054 1147 optimd
1075 1089 1140 1127 nos-

150 1158 211 1205 tros
232 1148 362 1205 homines
383 1149 472 1218 novit,
494 1148 537 1207 vel
558 1149 626 1225 quia
652 1160 760 1220 nosset,
781 1150 825 1207 vel
852 1150 920 1225 quia
945 1169 1003 1208 non
1030 1146 1139 1219 nisset,

151 1236 360 1285 contemneret.
402 1228 525 1285 Addidit
555 1228 641 1285 etiam
672 1227 752 1298 iliud,
784 1228 896 1303 equites
925 1247 984 1286 non
1016 1228 1139 1305 optimos
1156 1224 1190 1279 1⁰

152 1304 282 1361 misisse:
305 1316 424 1377 veteres,
449 1306 545 1377 credo,
568 1306 682 1376 Guar3
712 1307 784 1363 nihii
805 1306 840 1364 ad
862 1317 943 1364 tuum
960 1308 1139 1382 equitatum:

151 1384 203 1439 sed
219 1384 297 1440 misit
307 1403 343 1441 ex
357 1384 401 1457 iis,
415 1404 486 1460 quos
500 1385 609 1455 habuit,
620 1385 738 1442 eiectos.
780 1385 832 1442 Ait
844 1384 945 1441 nescio
957 1404 1042 1461 quern
1056 1404 1092 1441 ex
1105 1403 1141 1442 ao

153 1480 274 1519 numero
283 1482 394 1521 servum
403 1464 573 1539 judicatum.
606 1462 674 1521 Nou
684 1464 822 1520 arbitror:
843 1482 901 1521 non
913 1463 1026 1521 audiri:
1047 1462 1140 1519 sedin

152 1559 199 1612 eo,
214 1540 301 1597 etiarn
316 1541 340 1597 si
355 1541 518 1613 accidisset,
533 1542 648 1619 cuipam
663 1542 740 1618 regis
754 1541 862 1599 nullam
877 1541 965 1599 faisse
979 1540 1139 1599 arbitrarer.

194 1618 250 1676 lx„
286 1620 392 1678 Alieno
413 1632 508 1679 autem
523 1640 540 1678 a
558 1631 586 1678 te
606 1621 704 1678 auimo
720 1620 781 1677 fuit
821 1620 998 1682 Quomodoi
1039 1620 1191 1695 Spera-15

154 1697 205 1769 vit,
222 1696 336 1777 (credo)
351 1699 484 1757 difficiles
504 1699 557 1757 tibi
578 1699 765 1757 Alexandriae
779 1698 839 1757 t'ore
852 1698 957 1770 exitus,
971 1710 1084 1775 propter
1098 1716 1141 1755 re-

153 1776 248 1852 gionis
268 1788 400 1836 naturam
420 1789 449 1836 et
469 1778 604 1835 fluminis.
646 1780 687 1835 At
707 1796 743 1835 eo
763 1778 825 1855 ipso
844 1789 971 1855 ternpore
984 1778 1141 1855 pecuniam

154 1856 251 1923 dedit;
273 1856 431 1914 exercitum
453 1856 540 1914 aluit:
561 1857 600 1928 ei,
614 1876 699 1932 quern
721 1858 800 1914 Asiae
820 1858 1001 1934 praefeceras,
1016 1856 1095 1913 nulli
1110 1857 1141 1915 in

155 1952 186 1989 re
199 1934 309 1991 defuit:
329 1936 381 1992 tibi
396 1936 507 2004 victori,
522 1953 580 1993 nou
601 1934 694 1993 schim
716 1936 752 1993 ad
775 1936 939 2010 hospitium,
953 1937 1003 1993 sed
1019 1936 1054 1992 ad
1068 1935 1141 2011 peri·

155 2014 253 2070 culum
268 2014 365 2084 etiam,
381 2024 465 2089 atque
480 2016 516 2071 ad
531 2014 635 2085 aciem,
649 2013 753 2091 praesti
767 2015 829 2072 suit
871 2016 1010 2072 Secutum
1024 2025 1069 2072 est
1082 2014 1140 2071 bei·
1154 2012 1191 2069 20

154 2092 214 2148 lum
238 2092 417 2149 Africanum.
458 2093 568 2151 Graves
594 2094 630 2151 de
649 2105 679 2151 te
699 2112 828 2151 rumores
848 2093 958 2168 sparsi3
984 2093 1033 2168 qui
1053 2092 1142 2149 etiarn

155 2170 294 2228 furiosum
316 2170 396 2229 iilum
417 2171 568 2230 Caecilium
593 2173 801 2232 excitaverunt.
841 2171 997 2234 Quorum
1020 2188 1091 2246 erga
1114 2180 1143 2227 te

154 2269 206 2307 rex
228 2249 325 2307 animo
345 2251 420 2310 tuirt
440 2251 490 2327 qui
512 2252 696 2310 auctionatus
716 2252 763 2322 sit,
778 2269 898 2326 seseque
911 2249 1071 2325 exspoliare
1086 2267 1145 2306 ma·

155 2328 251 2399 luerit,
266 2327 352 2402 quern
366 2329 418 2387 tibi
432 2331 585 2406 pecuniam
601 2351 659 2389 non
674 2331 884 2388 subministare.
928 2331 968 2386 At
981 2347 1026 2397 eo,
1041 2328 1143 2402 inquit,

155 2417 284 2481 tempore
307 2407 368 2483 ipso
388 2408 521 2466 Nicaeam
544 2409 748 2486 Ephesumque
771 2410 913 2479 mittebat,
939 2408 989 2484 qui
1015 2411 1193 2466 rumores25

157 2485 313 2542 Africanos
334 2487 512 2562 exciperent,
527 2499 556 2545 et
575 2489 706 2547 celeriter
731 2490 767 2547 ad
794 2507 826 2546 se
851 2489 1000 2547 referrent.
1041 2486 1144 2562 Itaque

156 2561 225 2620 ciam
247 2575 323 2621 esset
342 2565 370 2622 ei
392 2567 572 2637 nunciatum,
586 2567 746 2625 Domitium
760 2569 911 2645 naufragio
923 2567 1052 2644 periisse,
1066 2577 1096 2623 tc
1111 2566 1141 2622 in

156 2643 278 2701 castello
299 2644 519 2714 circumsideri;
557 2646 593 2702 de
619 2646 747 2706 Domitio
767 2648 840 2705 dixit
866 2665 980 2704 versum
1006 2647 1144 2703 Graecum

155 2722 260 2778 eisdem
275 2722 429 2796 sententiis,
443 2723 500 2798 quai
514 2724 601 2781 etiam
616 2745 668 2783 nos
683 2727 822 2784 habemus
836 2727 991 2784 Latinum:

314 2856 330 2884 “
338 2853 445 2903 Pereant
455 2855 538 2917 amici,
549 2855 610 2904 dum
621 2858 671 2906 und
683 2857 779 2906 inimici
789 2854 973 2918 'urtercidantd'
1158 2850 1195 2903 ³0

155 2958 233 3034 quod
254 2957 312 3030 ilie,
327 2959 351 3016 si
372 2969 447 3016 esset
468 2959 521 3026 tibi
542 2959 769 3031 inimicissimus,
784 2979 931 3033 nunquam
945 2969 1042 3015 tamen
1058 2959 1145 3014 dixis·

156 3049 209 3095 set.
253 3037 319 3112 Ipse
343 3037 420 3094 enim
446 3050 628 3097 mansuetus:
662 3057 760 3094 versus
783 3038 926 3094 immanis.
966 3035 1030 3096 Qut
1050 3046 1146 3092 autern

158 3115 288 3172 Domitio
308 3127 419 3191 poterat
438 3136 502 3174 esse
524 3118 645 3188 amicus,
659 3117 708 3192 qui
722 3116 774 3173 tibi
788 3125 865 3171 esset
877 3115 1034 3172 inimicust
1075 3113 1147 3170 Tibi

157 3214 242 3271 porro
263 3194 400 3252 inimicus
421 3215 473 3253 cur
495 3207 581 3266 esset,
597 3215 684 3272 aquo
697 3193 766 3252 crim
780 3193 825 3251 vel
840 3193 974 3263 interfici,
990 3192 1057 3250 belli
1071 3191 1145 3266 lege,

156 3273 306 3349 potuisset,
320 3293 418 3350 regem
432 3285 517 3344 etse,
533 3286 562 3332 et
576 3275 665 3332 hlium
680 3293 775 3346 suurn,
786 3273 956 3331 constitutos
969 3289 1033 3329 esse
1048 3270 1147 3327 memi-
1160 3281 1197 3334 35

157 3351 268 3408 nisset‘i

197 3429 279 3491 Quid
295 3430 421 3490 deindet
450 3433 566 3491 furcifer
587 3431 645 3508 qud
666 3432 867 3509 progreditur?
901 3431 963 3498 Ait,
978 3431 1034 3486 hac
1048 3427 1148 3485 laetitir

158 3507 328 3566 Deiotarum
348 3510 466 3584 elatum,
482 3512 548 3570 vino
569 3529 599 3568 se
619 3513 759 3582 obruisse,
775 3510 804 3569 in
828 3510 1016 3583 convivioque
1037 3508 1147 3564 nudum

158 3587 315 3645 saltavisse.
355 3588 433 3650 Quae
460 3610 533 3648 crux
560 3591 628 3649 huic
656 3591 776 3667 fugitivo
801 3599 895 3666 potest
922 3589 991 3645 satis
1014 3585 1148 3662 supplicii

160 3667 283 3724 afferre?
317 3667 486 3726 Deiotarum
507 3670 658 3726 saltantem
679 3670 840 3744 quisquam,
862 3677 912 3724 aut
932 3665 1054 3734 ebrium,
1079 3665 1149 3722 vidit
1162 3673 1197 3726 to

159 3747 307 3820 unquam?
342 3745 454 3804 Omnes
476 3758 543 3805 sunt
565 3749 593 3806 iu
618 3749 666 3806 illo
688 3768 755 3823 rege
771 3748 857 3822 regiae
871 3746 990 3801 virtutes
1006 3743 1094 3819 (quod
1109 3757 1148 3815 te,

159 3824 270 3895 Cesar,
286 3825 418 3900 ignorare
433 3845 489 3882 nou
507 3828 651 3906 arbitror),
666 3826 717 3884 scd
731 3823 877 3901 praecipud
891 3824 1044 3900 singularis
1057 3833 1087 3880 et
1101 3824 1150 3880 ad·

161 3902 292 3961 miranda
313 3903 478 4039 frugelgitas:
508 3906 562 3964 etsi
583 3907 639 3964 hoc
660 3906 747 3964 verbo
766 3905 828 3962 scio
855 3904 966 3962 laudari
987 3922 1070 3980 reges
1090 3923 1148 3962 uon
