2775 4425
174 332 232 390 106
422 330 560 380 ORATIO
582 331 652 380 PRO
673 331 705 381 T.
727 331 844 380 ANNIO
865 331 1016 381 MILONE.

261 475 317 533 IX.
337 475 549 549 Quamobrem,
569 475 693 553 judices,
718 486 751 533 ut
778 476 933 552 aliquando
953 477 989 534 ad
1017 495 1137 535 causam
1164 497 1221 536 cn·

213 575 346 632 ¹meaque
360 557 526 627 veniamus;
548 558 573 614 si
588 577 682 632 neque
696 556 791 615 omnis
813 557 956 614 confessio
978 557 1048 615 facti
1073 569 1116 614 est
1125 557 1221 616 inusi-

222 646 300 705 tata;
323 655 417 710 neque
439 637 475 694 de
497 637 586 694 causa
602 638 760 712 quidquam
784 637 881 694 nostra
904 636 997 708 aliter,
1013 656 1048 694 ac
1062 657 1114 694 nos
1135 638 1221 695 velle-

223 735 296 786 muS,
313 727 446 774 asenatu
465 716 628 792 judicatum
641 727 702 786 est3
724 727 753 773 et
776 716 848 774 lator
870 716 931 792 ipse
954 717 1037 793 legis,
1060 716 1129 774 crim
1143 727 1221 775 esset

190 797 208 852 5
224 797 417 854 controversia
439 796 520 854 nulla
539 797 618 867 facti,
638 796 712 872 juris
726 806 823 853 tamen
837 796 1075 872 disceptationem
1090 816 1153 854 esse
1173 817 1221 854 vo-

223 875 292 946 luit;
314 886 343 933 et
357 875 443 934 electi
455 875 579 951 judices,
604 877 686 950 isque
709 876 877 952 praepositus
900 877 1061 950 quaestioni,
1086 877 1135 950 qui
1156 877 1221 934 haec

228 953 305 1032 juste
333 956 533 1032 sapienterque
554 957 711 1032 disceptet3
733 956 874 1030 reliquum
902 965 955 1027 est,
980 955 1104 1032 judices,
1126 966 1158 1012 ut
1177 956 1222 1013 ni·

225 1036 263 1093 hil
283 1035 342 1111 jam
366 1036 444 1093 aliud
464 1054 593 1109 quaerere
615 1034 756 1106 debeatis,
780 1035 847 1106 nisi,
872 1046 936 1092 uter
959 1035 1016 1093 ut'ri
1039 1035 1159 1093 insidias
1173 1035 1221 1093 ·fe-

225 1115 305 1172 cerit.
359 1114 450 1177 Quod
477 1113 534 1190 qud
563 1113 679 1175 facilius
700 1114 878 1191 argumentis
905 1115 1068 1192 perspicere
1095 1115 1220 1191 possitis,

137 1196 139 1202 '
180 1193 210 1246 10
226 1213 286 1252 rem
307 1205 418 1270 gestam
439 1195 519 1252 vobis
540 1195 610 1252 dum
638 1194 761 1253 breviter
782 1213 902 1270 expono,
932 1213 1038 1270 quaeso,
1066 1195 1222 1272 diligenter

227 1275 374 1331 attendite.

267 1354 299 1412 P.
314 1354 435 1412 Clodius
458 1351 527 1412 crim
551 1353 698 1412 statuisset
710 1353 791 1411 omni
813 1353 923 1411 scelere
938 1353 967 1411 in
980 1353 1104 1430 praeturd
1118 1373 1223 1412 vexare

226 1433 446 1510 rempublicam,
471 1434 637 1508 videretque
660 1434 701 1490 ita
721 1442 816 1490 tracta
829 1453 892 1491 esse
913 1434 1031 1491 comitia
1045 1452 1121 1491 anno
1141 1454 1224 1511 supe-

227 1515 312 1584 riore,
337 1523 368 1570 ut
393 1534 449 1572 non
478 1514 581 1571 multos
604 1532 719 1570 menses
738 1523 892 1589 praeturam
919 1533 1020 1590 gerere
1039 1523 1150 1588 posset;
1173 1513 1223 1588 qui

180 1589 213 1642 15
228 1614 285 1652 non
306 1593 421 1651 honoris
435 1593 556 1670 gradum
580 1603 733 1668 spectaret,
748 1603 780 1648 ut
801 1591 910 1664 caeteri,
924 1593 975 1650 sed
999 1602 1029 1650 et
1050 1592 1082 1650 L.
1099 1594 1223 1651 Paulum

229 1673 369 1748 collegam
385 1673 513 1748 effugere
532 1673 626 1743 vellet,
649 1672 789 1749 singulari
804 1673 909 1730 virtute
932 1673 1036 1743 civem,
1061 1681 1090 1730 et
1114 1691 1223 1731 annum

228 1753 373 1827 integrum
402 1752 438 1808 ad
460 1751 676 1809 dilacerandam
705 1751 913 1829 rempublicam
934 1761 1094 1828 quaereret3
1125 1749 1222 1810 subitd

228 1831 345 1905 reliquit
359 1849 466 1888 annum
481 1850 575 1902 suurn,
598 1850 685 1906 seque
710 1831 740 1888 in
766 1850 873 1888 annum
893 1831 1053 1908 proximum
1068 1832 1223 1903 transtulit,

229 1930 286 1968 non
302 1909 348 1986 (ut
362 1909 407 1989 fit)
423 1909 562 1987 religione
583 1910 689 1985 aliqud,
704 1911 755 1968 sed
780 1921 812 1968 ut
830 1911 949 1968 haberet
960 1910 1050 1986 (quod
1065 1911 1125 1987 ipse
1146 1913 1226 1969 dice·

178 1986 215 2042 20
230 1990 304 2068 bat),
320 1990 356 2047 ad
377 2001 531 2067 praeturam
554 1991 722 2067 gerendam,
738 1991 793 2048 hoe
816 2001 869 2061 est,
885 1990 922 2048 ad
943 1992 1128 2048 evertendam
1151 2011 1225 2050 rern-

229 2070 390 2147 publicam,
401 2069 517 2146 plenum
533 2088 640 2128 annum
655 2080 741 2145 atque
755 2070 908 2146 integrum.

270 2149 454 2208 Occurrebat
467 2149 505 2221 ei,
521 2168 655 2207 mancam
678 2169 714 2208 ac
735 2149 861 2207 debilem
878 2159 1035 2227 praeturam
1050 2169 1133 2208 suam
1148 2149 1225 2208 futu-

231 2250 303 2302 ram,
327 2231 445 2289 consule
468 2229 595 2289 Milone:
617 2250 683 2288 eum
708 2228 791 2305 porrd
820 2249 932 2287 summo
958 2242 1102 2288 consensu
1128 2230 1224 2307 populi

232 2309 359 2369 Romani
375 2310 522 2368 consulem
545 2309 607 2368 lieri
627 2310 749 2367 videbat
791 2309 922 2367 Contulit
936 2329 967 2367 se
982 2310 1018 2367 ad
1036 2310 1099 2387 ejus
1113 2330 1226 2388 compe·

180 2389 216 2445 25
232 2390 339 2460 titores,
354 2390 405 2447 sed
420 2391 469 2460 ita,
484 2400 572 2447 totam
595 2400 626 2447 ut
647 2389 815 2467 petitionem
837 2388 898 2465 ipse
919 2389 1005 2460 solus,
1019 2391 1108 2447 etiam
1129 2390 1225 2447 invitis

232 2469 298 2539 illis,
314 2469 506 2545 gubernaret3
528 2478 588 2526 tota
602 2479 634 2526 ut
649 2468 768 2527 comitia
780 2469 841 2526 suis
856 2468 902 2545 (ut
916 2468 1081 2548 dictitabat)
1098 2470 1225 2527 humeris

232 2548 394 2605 sustineret.
446 2547 633 2606 Convocabat
656 2548 765 2606 tribus:
786 2568 818 2606 se
842 2548 1059 2625 interponebat:
1081 2549 1225 2607 Collinam

231 2644 345 2697 novam,
360 2626 475 2684 delectu
486 2627 744 2703 perditissimorum
754 2628 861 2686 civium
872 2627 1082 2687 conscribebat.
1122 2627 1227 2690 Quan-

231 2715 262 2763 to
275 2706 323 2762 ille
337 2705 420 2781 plura
433 2706 584 2779 miscebat,
598 2717 679 2766 tanto
692 2708 742 2765 hic
755 2707 848 2784 magis
862 2706 892 2765 in
916 2709 979 2765 dies
997 2708 1225 2766 convalescebat.

181 2782 217 2837 30
233 2784 290 2843 Ubi
312 2784 382 2842 vidit
403 2786 488 2844 homo
503 2787 539 2844 ad
562 2806 647 2845 omne
672 2787 787 2845 facinus
808 2788 1017 2863 paratissimus,
1040 2787 1226 2845 fortissimum

233 2865 336 2936 virum,
364 2865 596 2923 inimicissimum
620 2884 716 2938 suum,
737 2867 931 2924 certissimum
959 2867 1118 2939 consulem,
1140 2866 1227 2942 idque

233 2944 373 3003 intellexit
387 2965 444 3004 non
459 2944 551 3004 solirm
565 2946 754 3018 sermonibus,
770 2946 821 3003 sed
844 2946 933 3004 etiam
954 2946 1109 3023 suffragiis,
1130 2945 1227 3022 populi

233 3024 361 3084 Romani
373 3044 448 3101 saepe
462 3046 525 3083 esse
539 3025 736 3097 declaratum3
757 3024 853 3102 palam
872 3045 959 3103 agere
973 3026 1070 3102 coepit,
1084 3036 1114 3084 et
1128 3023 1226 3102 aperte

233 3106 341 3176 dicere,
355 3105 549 3163 occidendum
564 3104 714 3163 Milonem.
757 3106 861 3163 Servos
883 3114 1011 3183 agrestes
1030 3116 1060 3162 et
1080 3106 1227 3176 barbaros,

182 3179 218 3234 35
234 3184 338 3259 quibus
359 3183 445 3241 silvas
466 3184 597 3260 publicas
621 3184 809 3261 depopulatus
828 3194 900 3255 erat,
918 3185 1123 3259 Etruriamque
1143 3184 1229 3241 rexd-

233 3274 287 3335 rat,
302 3283 337 3321 ex
352 3262 507 3339 Apennino
525 3263 693 3335 deduxerat,
708 3282 779 3338 quos
800 3264 950 3321 videbatis.
992 3263 1056 3321 Res
1069 3274 1131 3321 erat
1145 3263 1229 3320 mini·

233 3341 281 3401 md
305 3343 447 3401 obscura:
478 3342 585 3401 etenim
608 3342 704 3419 palrim
728 3343 889 3414 dictitabat,
921 3343 1107 3425 consulatum,
1123 3342 1228 3400 Miloni

233 3422 304 3499 eripi
332 3441 389 3480 non
416 3441 508 3497 posse,
536 3421 624 3479 vitam
654 3442 745 3499 posse.
801 3423 984 3501 Significavit
1010 3424 1066 3480 hoc
1092 3442 1167 3499 saepe
1197 3422 1228 3479 in

233 3513 352 3561 senatu:
374 3501 446 3560 dixit
473 3502 503 3559 in
526 3501 675 3559 concione.
716 3500 890 3563 Quinetiam
913 3501 1051 3573 Favonio,
1074 3500 1229 3560 fortissimo

182 3584 217 3639 40
233 3581 303 3653 viro,
318 3581 456 3657 quaerenti
481 3601 517 3639 ex
537 3600 582 3652 eo,
603 3580 659 3656 qud
682 3600 732 3657 spe
754 3580 871 3652 fureret,
894 3581 1005 3639 Milone
1026 3582 1099 3653 vivo,
1114 3600 1230 3657 respon-

233 3660 284 3731 dit,
300 3661 395 3720 triduo
418 3661 509 3731 illurn,
533 3662 569 3717 ad
592 3679 737 3718 summum
758 3662 920 3736 quatriduo,
944 3660 1121 3738 periturum:
1142 3678 1229 3736 quarn

231 3758 330 3797 vocem
346 3740 407 3815 ejus
423 3741 458 3798 ad
474 3742 551 3799 hunc
566 3739 607 3797 M.
623 3740 765 3798 Catonern
780 3740 876 3797 statim
891 3740 1037 3799 Favonius
1051 3740 1162 3797 detulit.

272 3817 310 3871 X.
347 3818 478 3887 Interim,
494 3817 562 3876 cirm
577 3818 664 3877 sciret
678 3818 799 3876 Clodius
813 3819 921 3896 (neque
935 3821 1014 3878 enim
1027 3830 1090 3877 erat
1111 3817 1229 3875 difficile

205 3910 211 3917 ’
233 3892 334 3969 scire),
349 3895 403 3953 iter
418 3896 556 3968 sollenne,
567 3898 739 3974 legitimum,
750 3899 958 3971 necessarium,
968 3909 1035 3957 ante
1044 3899 1122 3957 diem
1136 3896 1228 3955 XIlI.

182 3972 218 4026 45
232 3969 379 4029 Calendas
400 3972 585 4048 Februarias,
608 3974 713 4036 Miloni
740 3997 804 4035 esse
830 3977 995 4037 Lanuvium
1017 3979 1053 4037 ad
1081 3976 1228 4037 flaminem
