2775 4425
191 383 248 442 100
411 379 547 429 οιιιιιο
570 379 639 428 eno
661 381 691 429 ι.
714 356 829 428 Annio
850 379 1000 428 nnnona.

238 523 338 582 afferre
359 544 415 582 non
435 543 535 600 posse;
557 533 654 581 tamen
669 525 732 581 haec
745 523 811 581 novi
822 523 926 600 judicii
941 543 1015 582 nova
1029 524 1120 582 forma
1138 538 1226 583 terret

236 604 345 674 oculos,
366 603 425 678 qui,
447 602 620 678 qudcunque
648 603 813 674 inciderint,
835 615 960 660 veterem
988 605 1226 662 consuetudinem

238 682 300 754 lori,
315 692 344 739 et
363 683 514 760 pristinum
535 701 643 739 morem
661 683 845 758 judiciorum,
860 683 1018 756 requirunt.
1059 682 1128 740 Non
1148 684 1225 740 enim

237 761 343 819 corone
364 781 514 820 consessus
535 772 626 818 vester
648 762 762 818 cinctus
782 771 835 832 est,
850 771 881 817 ut
899 761 1008 818 solebat
1019 780 1027 830 3
1048 781 1104 819 non
1120 763 1225 818 usitatd

205 837 398 914 5frequentit
419 840 515 916 stipati
529 859 635 897 sumus
676 839 755 896 Nam
776 840 826 896 illa
844 840 987 915 praesidia,
1002 859 1065 914 quae
1085 859 1136 916 pro
1156 851 1225 897 tem·

236 920 291 996 plis
310 920 443 977 omnibus
464 920 591 988 cernitis,
606 919 659 976 etsi
680 929 780 976 contra
800 918 856 974 vim
878 919 1018 976 collocata
1036 929 1112 990 sunt,
1129 917 1225 996 [nobis

238 999 361 1056 afferunt
384 1009 481 1056 tamen
505 999 628 1056 horroris
653 998 759 1072 aliquid
769 998 791 1076 3]
814 1007 856 1068 ut,
871 998 901 1054 in
916 997 985 1068 soro,
1000 1009 1028 1054 et
1052 998 1081 1054 in
1103 998 1223 1074 judicio,

237 1096 401 1152 quanquam
414 1077 553 1166 praesidiis
573 1077 746 1133 salutaribus
759 1087 789 1132 et
802 1077 973 1133 necessariis
993 1077 1065 1152 septi
1085 1075 1223 1166 [sumus],

237 1165 334 1213 tamen
355 1176 392 1214 ne
412 1176 468 1214 non
490 1157 591 1212 timere
613 1157 729 1230 quidem
756 1154 818 1211 sine
840 1155 934 1230 aliquo
954 1156 1055 1212 timore
1075 1157 1222 1231 possimus

189 1235 223 1288 10
236 1235 356 1296 Quae
334 1255 358 1292 ει
378 1236 506 1312 opposita
525 1233 629 1292 Miloni
647 1245 787 1310 putarem,
803 1235 935 1291 cederem
950 1234 1079 1309 tempori,
1091 1235 1222 1310 judices
1215 1279 1222 1305 ,

237 1332 303 1385 uec,
318 1314 392 1372 inter
412 1325 522 1371 tantam
542 1313 599 1370 vim
621 1332 774 1383 armorum,
791 1313 984 1370 existimarem
1004 1314 1108 1370 oratori
1129 1313 1224 1370 locum

238 1412 309 1450 esse.
352 1394 410 1450 Sed
430 1412 477 1450 me
497 1403 608 1451 recreat
629 1402 658 1449 et
677 1392 771 1450 reficit
791 1392 845 1449 Cn.
868 1391 1007 1467 Pompeii,
1022 1392 1223 1467 sapientissimi

238 1482 267 1529 et
284 1471 434 1548 justissimi
455 1472 518 1544 viri,
539 1471 709 1540 consilium3
737 1471 792 1560 qui
805 1469 932 1547 profectd
953 1490 1010 1527 nec
1027 1470 1144 1546 J'ustitiae
1165 1490 1223 1526 suae

237 1562 351 1626 putaret
371 1571 444 1622 esse,
458 1570 544 1627 quern
564 1569 644 1608 reum
659 1550 809 1608 sententiis
820 1550 952 1638 judicum
967 1549 1140 1620 tradidisset,
1155 1569 1224 1606 eun-

189 1635 223 1689 15
239 1631 304 1687 dem
324 1631 389 1687 telis
403 1631 525 1687 militum
540 1630 660 1698 dedere;
682 1648 738 1686 nec
752 1629 908 1704 sapientiae,
923 1629 1114 1685 temeritatem
1128 1629 1224 1685 conci·

237 1718 304 1765 tatae
318 1709 508 1765 multitudinis
524 1709 663 1765 auctorita
647 1702 822 1784 eatpublica
838 1726 957 1764 armare.
1239 1712 1243 1718 ⁴

276 1786 475 1847 Quamobrem
497 1787 545 1844 illa
567 1805 655 1857 arma,
671 1786 865 1858 centuriones
880 1787 1020 1856 cohortes
1035 1805 1092 1843 non
1113 1785 1224 1861 pericu·

247 1883 296 1920 um
323 1865 415 1935 nobis,
443 1866 493 1921 sed
520 1831 694 1942 praesidirim,
722 1832 911 1922 denuntiant:
942 1883 1036 1939 neque
1062 1863 1164 1935 solum,
1192 1874 1223 1922 ut

237 1943 343 2018 quieto,
357 1944 408 2001 sed
429 1943 516 2001 etiam
535 1953 568 2000 ut
588 1963 692 2020 magno
714 1943 810 2001 animo
829 1945 928 2014 simus,
943 1944 1109 2012 hortantur,
1131 1962 1223 2017 neque

186 2021 375 2079 maurilium
395 2020 479 2080 modd
501 2022 659 2080 defensioni
680 2020 977 2094 meae,veri1metiam
997 2021 1152 2092 silentium,
1166 2022 1224 2097 pol·

236 2101 368 2159 licentur.
410 2101 537 2177 Reliqua
556 2099 623 2159 verb
645 2101 807 2172 multitudo,
823 2121 885 2177 quae
906 2101 1022 2175 quidem
1042 2112 1085 2158 est
1106 2101 1222 2172 civium,

236 2190 296 2239 tcta
314 2191 411 2240 nostra
431 2192 474 2240 est
484 2201 492 2253 3
514 2201 607 2257 neque
628 2200 726 2239 eorum
746 2181 906 2256 quisquam,
920 2199 990 2256 quos
1009 2180 1136 2255 undique
1150 2180 1224 2237 intu-

152 2312 153 2315 ,
236 2271 317 2319 entes
331 2262 458 2333 cernitis,
473 2263 550 2319 unde
572 2262 667 2336 aliqua
686 2280 752 2337 pars
772 2260 825 2317 fori
847 2260 955 2335 adspici
975 2270 1076 2335 potest,
1091 2271 1120 2317 et
1139 2260 1223 2336 huJ'us

238 2340 345 2397 exitum
366 2340 469 2416 judicii
490 2350 698 2416 exspectantes,
713 2359 780 2409 non,
795 2337 862 2395 crim
877 2338 973 2395 virtuti
995 2337 1114 2397 Milonis
1138 2338 1222 2409 lavet,

186 2418 222 2471 25
237 2428 297 2475 tum
312 2420 348 2475 do
362 2438 403 2489 se,
418 2420 454 2477 de
467 2419 565 2476 liberis
579 2419 647 2490 suis,
663 2420 699 2476 de
712 2418 814 2494 patriti,
829 2418 866 2475 de
880 2418 1009 2486 fortunis,
1025 2417 1162 2475 hodierno
1175 2418 1223 2475 die

237 2496 378 2553 decertari
392 2506 480 2572 putat.

275 2573 316 2629 ΙΙ.
351 2574 447 2631 Unum
462 2594 554 2651 genus
568 2585 611 2633 est
626 2576 776 2633 adversum
795 2576 986 2651 infestumque
1006 2575 1099 2647 nobis,
1113 2594 1221 2645 eorum,

236 2670 306 2727 quos
326 2652 357 2708 P.
374 2653 469 2711 Clodii
490 2654 566 2711 furor
587 2655 694 2730 rapinis
714 2666 743 2713 et
764 2655 906 2712 incendiis
926 2664 955 2712 et
974 2655 1108 2713 omnibus
1127 2654 1222 2711 exitiis

235 2730 360 2805 publicis
372 2733 465 2807 pavit:
487 2752 536 2806 qur
528 2733 684 2791 hesterna
705 2734 793 2791 etiam
814 2733 954 2791 concione
975 2734 1086 2791 incitati
1101 2744 1176 2804 sunt,
1192 2743 1221 2789 ut

186 2812 222 2866 30
237 2809 315 2865 vobis
335 2830 404 2869 voce
429 2811 572 2887 preirent,
593 2813 662 2887 quid
686 2812 864 2889 judicaretis.
905 2813 1039 2874 Quorum
1067 2779 1176 2869 clamor,
1198 2811 1222 2869 si

236 2888 284 2963 qui
306 2888 376 2948 sortd
398 2890 493 2962 luerit,
515 2893 668 2949 admonere
688 2911 737 2949 vos
758 2892 883 2962 debebit,
905 2901 937 2948 ut
956 2911 1023 2949 eum
1044 2890 1136 2948 civem
1157 2891 1222 2947 reti·

236 2967 329 3025 neatis
332 2969 402 3044 ‚qui
423 2989 533 3047 semper
554 2990 646 3048 genus
667 2970 738 3027 illud
752 2937 909 3041 hominuin,
925 2971 1120 3045 clamoresque
1134 2970 1222 3027 maxi-

236 3064 297 3103 mos
300 3068 371 3124 ‚pro
384 3050 477 3106 vestra
492 3050 582 3107 salute
597 3050 731 3139 neglexit.
771 3016 970 3110 Quamobrem
992 3050 1089 3105 adeste
1109 3048 1221 3118 animis,

233 3124 365 3201 judices3
394 3138 423 3185 et
443 3128 583 3199 timorem,
605 3129 628 3184 si
649 3147 734 3203 quem
762 3128 883 3197 habetis,
905 3128 1046 3204 deponite
1088 3126 1176 3197 Nam,
1198 3128 1222 3183 si

185 3218 221 3273 35
237 3223 362 3279 unquam
383 3207 419 3263 de
439 3207 521 3263 bonis
541 3217 570 3263 et
591 3206 750 3264 fortibus
724 3207 802 3277 vrris,
817 3207 841 3262 si
857 3224 984 3281 unquam
998 3207 1035 3262 de
1049 3203 1123 3263 bene
1139 3206 1223 3263 meri-

235 3282 273 3339 tis
287 3284 397 3341 civibus
400 3294 545 3359 ,potestas
558 3285 637 3342 vobis
654 3252 805 3361 judicandi
827 3284 896 3355 fuit3
917 3304 942 3340 ει
934 3284 1080 3359 denique
1095 3303 1222 3357 unquam

235 3361 316 3419 locus
340 3330 576 3438 amplissimorum
606 3364 738 3421 ordinum
766 3364 931 3420 delectis
906 3363 974 3420 vrris
994 3364 1078 3420 datus
1098 3372 1151 3433 est,
1172 3362 1222 3419 ubi

235 3459 288 3497 sua
312 3443 406 3498 studia
429 3461 498 3517 erga
518 3442 604 3499 fortes
625 3453 654 3500 et
677 3442 767 3500 bonos
787 3441 874 3513 cives,
895 3462 958 3517 quae
979 3442 1058 3498 vultu
1079 3451 1108 3498 et
1128 3441 1223 3497 verbis

235 3539 309 3596 saepe
336 3520 557 3598 significassent,
579 3540 610 3578 re
630 3532 659 3579 et
679 3520 830 3578 sententiis
851 3522 1050 3590 declararent3
1079 3521 1133 3577 hoc
1160 3539 1222 3595 pro

185 3600 221 3653 40
236 3598 312 3656 fectb
326 3573 452 3695 teriipore
473 3618 536 3656 eam
556 3610 725 3674 potestatem
743 3618 858 3657 omnem
872 3619 921 3657 vos
935 3564 1056 3669 habetis’,
1071 3609 1103 3654 ut
1117 3609 1223 3655 statua-

235 3676 281 3747 tis,
296 3676 393 3736 utrum
413 3698 464 3735 nos
467 3678 537 3752 ,qui
559 3698 669 3754 semper
684 3690 784 3735 vestrae
807 3678 969 3736 auctoritati
980 3645 1083 3734 dediti
1106 3677 1222 3746 fuimus,

235 3774 346 3830 semper
366 3757 462 3814 miseri
483 3757 643 3833 lugeamus
659 3777 706 3827 an,
721 3757 771 3813 diu
791 3756 884 3814 vexati
905 3776 922 3813 a
941 3755 1180 3832 perditissimis
1155 3756 1224 3812 crvi-

236 3832 299 3901 bus,
322 3834 473 3908 aliquando
493 3855 542 3910 per
563 3856 621 3907 voe,
644 3857 678 3894 ac
699 3846 821 3893 vestram
843 3836 939 3907 fidem,
954 3836 1098 3904 virtutem,
1113 3834 1224 3910 sapien·

235 3876 372 3983 tianique,
386 3930 557 3971 recreemur.
