2775 4425
211 407 251 465 ῃ
524 403 662 454 ORATIO
685 404 755 455 PRO
776 404 810 463 Q.
833 404 994 455 LIGARIO.

299 546 385 617 Vide,
400 567 505 622 quaeso,
526 548 655 619 Tubero,
672 558 714 619 ut,
737 548 837 623 quide
860 568 925 607 meo
946 550 1023 608 lacto
1043 570 1100 609 non
1122 550 1255 609 dubitem

260 626 367 695 dicere,
383 628 418 684 de
443 628 550 703 Ligarii
573 648 629 685 non
653 630 775 685 audeam
798 628 937 686 confiteri.
979 630 1077 703 Atque
1096 630 1158 686 haec
1172 649 1255 707 prop-

259 715 339 762 terea
360 706 396 762 de
411 725 456 763 me
471 707 539 776 dixi,
555 716 586 762 ut
611 707 680 763 mihi
703 707 833 777 Tubero,
856 706 924 763 cdm
938 708 975 764 de
998 728 1030 765 se
1051 709 1152 765 eadem
1173 710 1255 766 dice-

260 804 330 853 rem,
360 784 537 861 ignosceret:
569 785 651 860 cujus
673 805 728 861 ego
749 786 897 842 industrie
918 786 1073 862 gloriaeque
1094 786 1184 857 faveo,
1206 789 1252 845 vel

227 873 371 939 5propter
405 865 590 939 propinquam
619 865 831 940 cognationem,
859 865 903 921 rel
931 864 1009 937 qubd
1042 866 1104 940 ejus
1134 866 1254 941 ingenio

260 943 418 1016 studiisque
433 944 569 1012 delector,
585 942 627 999 vel
651 942 729 1017 quod
752 943 868 1000 laudern
891 943 1081 1001 adolescentis
1100 945 1252 1021 propinqui

259 1022 391 1079 existimo
405 1022 492 1079 etiarn
512 1022 548 1079 ad
562 1040 658 1079 meum
682 1022 806 1096 aliquem
830 1022 956 1079 fructum
978 1022 1148 1080 redundare.
1190 1024 1253 1081 Sed

260 1100 315 1158 hoc
337 1119 442 1174 quaero,
457 1102 521 1175 quis
541 1110 621 1175 putet
643 1119 706 1157 esse
730 1100 851 1170 crimen,
877 1100 965 1157 fuisse
988 1101 1019 1157 iu
1041 1101 1144 1159 Africa
1164 1101 1253 1178 Liga-

260 1180 355 1237 riuml
366 1234 381 1265 3
396 1178 509 1255 Nempe
530 1179 564 1250 is,
587 1180 636 1253 qui
658 1189 687 1237 et
701 1180 761 1254 ipse
785 1179 815 1236 iu
829 1179 932 1236 eadem
954 1180 1057 1237 Africa
1075 1200 1138 1237 esse
1152 1180 1252 1251 voluit,

212 1264 245 1317 10
260 1269 289 1316 et
308 1258 481 1334 prohibitum
495 1278 527 1315 se
551 1276 568 1315 a
590 1258 708 1335 Ligario
731 1258 868 1334 queritur,
883 1268 913 1315 et
934 1256 1013 1315 certe
1036 1270 1136 1315 contra
1157 1259 1251 1334 ipsum

260 1338 406 1394 Caesarem
420 1349 463 1395 est
477 1356 647 1414 congressus
667 1350 801 1395 armatus.
842 1337 926 1398 Quid
949 1338 1038 1408 euim,
1052 1337 1181 1407 Tubero,
1202 1338 1254 1395 de·

260 1417 376 1474 strictus
400 1416 448 1474 ille
468 1429 534 1474 tuus
556 1416 586 1473 in
611 1418 674 1474 acie
696 1415 864 1474 Pharsalici
888 1416 1001 1492 gladius
1016 1417 1140 1492 agebatl
1167 1416 1253 1491 cujus

272 1508 335 1553 atus
358 1495 405 1552 ille
428 1515 528 1553 mucro
541 1496 679 1571 petebatl
699 1496 748 1570 qui
763 1514 864 1553 sensus
878 1505 939 1552 erat
958 1513 1100 1551 armorum
1115 1497 1252 1552 tuoruml

261 1594 324 1649 quae
346 1583 396 1631 tua
420 1576 523 1632 mensl
551 1575 649 1631 oculil
671 1577 795 1633 manusl
825 1575 908 1632 ardor
930 1573 1039 1632 animil
1065 1574 1134 1648 quid
1155 1574 1255 1649 cupie-

212 1658 246 1711 15
261 1654 334 1711 basl
355 1653 424 1727 quid
441 1654 582 1728 optabasl
609 1653 708 1711 Nimis
728 1672 835 1731 urgeo:
857 1652 1031 1710 commoveri
1052 1653 1164 1709 ridetur
1185 1653 1254 1710 ado·

260 1732 389 1789 lescens:
412 1731 448 1787 ad
463 1750 509 1789 me
524 1742 666 1789 revertar:
688 1733 791 1789 iisdem
806 1732 835 1789 in
851 1731 939 1788 armis
953 1731 1002 1788 lui.

301 1809 353 1866 IV.
381 1808 465 1869 Quid
488 1820 584 1867 autem
609 1810 687 1868 aliud
710 1812 831 1887 egimus,
846 1810 966 1868 Tubero
986 1810 1052 1879 nisi,
1068 1820 1099 1867 ut
1113 1810 1188 1884 quod
1202 1810 1254 1868 hio

259 1897 361 1962 potest,
389 1907 441 1944 nos
473 1890 640 1963 possemusl
679 1889 813 1950 Quorum
842 1890 929 1965 igitur
956 1889 1120 1965 impunitas,
1142 1889 1252 1960 Caesar,

260 1976 317 2023 tuae
332 1966 492 2023 clementiae
516 1967 579 2024 laus
601 1978 654 2038 est,
673 1988 773 2025 eorum
796 1970 920 2044 ipsorum
943 1968 979 2024 ad
1000 1967 1200 2025 crudelitatem
1223 1979 1253 2025 te

106 2049 111 2058 '
210 2051 246 2105 20
263 2056 347 2101 acuet
360 2046 471 2103 oratiol
500 2047 596 2121 Atque
611 2046 640 2105 in
656 2047 712 2105 hac
731 2048 820 2105 causti
842 2047 971 2105 nonnihil
994 2046 1138 2120 equidem,
1153 2046 1254 2103 Tube-

262 2144 302 2195 ro,
317 2125 403 2182 etiam
419 2135 508 2196 tuam,
523 2126 571 2182 sed
588 2126 678 2183 multd
701 2126 794 2203 magis
816 2127 904 2201 patris
917 2126 969 2196 tui,
983 2125 1165 2201 prudentiam
1179 2125 1254 2182 desi·

262 2205 346 2276 dero;
368 2204 446 2280 qubd
468 2205 561 2278 home,
576 2203 644 2264 cirm
669 2206 786 2283 ingenio
807 2215 868 2263 tum
892 2205 979 2263 etism
1001 2204 1132 2262 doctrina
1158 2205 1254 2262 excel-

261 2285 334 2355 lens,
349 2305 442 2362 genus
455 2286 511 2343 hoc
525 2305 620 2344 causae
635 2286 708 2360 quod
724 2296 808 2355 esset,
823 2305 880 2342 nou
895 2284 1014 2341 viderit:
1036 2303 1114 2354 nam,
1129 2284 1156 2340 si
1167 2284 1253 2341 vidis·

262 2375 315 2434 set,
330 2365 429 2439 quovis
442 2363 581 2440 prolecto,
595 2363 681 2440 qudm
698 2364 752 2422 isto
766 2364 859 2435 modo,
874 2373 934 2421 ate
947 2363 995 2440 agi
1009 2362 1164 2419 maluisset

211 2451 247 2504 25
304 2443 412 2518 Arguis
427 2442 572 2500 fatentem.
613 2442 681 2500 Non
696 2453 740 2500 est
761 2443 838 2500 satis.
881 2444 1015 2499 Accusas
1030 2461 1107 2512 eum,
1121 2441 1170 2516 qui
1185 2459 1253 2498 cau-

263 2539 323 2576 sam
347 2521 442 2589 habet,
459 2530 517 2589 aut,
532 2531 563 2576 ut
586 2540 641 2597 ego
664 2522 740 2592 dico,
755 2523 902 2580 meliorem
925 2519 1012 2597 quim
1035 2529 1076 2592 tu,
1092 2530 1150 2591 aut,
1166 2530 1197 2576 ut
1219 2529 1250 2579 tu

262 2598 314 2668 vis,
337 2617 443 2673 parem.
485 2598 559 2656 Haeo
582 2619 639 2658 non
662 2599 748 2658 modb
770 2600 915 2658 mirabilia
940 2609 1023 2668 sunt3
1052 2600 1103 2657 sed
1129 2599 1252 2674 prodigii

262 2676 356 2734 simile
370 2687 422 2746 est,
437 2677 512 2752 quod
526 2678 631 2735 dicam.
673 2679 742 2737 Non
766 2679 852 2737 habet
866 2697 931 2737 eam
945 2679 1002 2735 vim
1025 2678 1081 2735 ista
1094 2679 1251 2748 accusatio,

262 2765 294 2810 ut
320 2754 360 2817 Q.
384 2755 518 2832 Ligarius
546 2757 764 2830 condemnetur,
792 2759 842 2816 sed
870 2766 901 2815 ut
928 2769 1057 2815 necetur.
1099 2756 1165 2814 Hoc
1192 2757 1252 2833 egit

211 2841 247 2894 30
263 2834 334 2891 civis
360 2834 511 2893 Romanus
539 2847 605 2894 ante
633 2847 661 2894 te
684 2857 778 2895 nemo.
827 2836 947 2896 Externi
975 2836 1021 2893 isti
1048 2846 1116 2892 sunt
1142 2854 1251 2892 mores:

262 2933 352 2989 usque
368 2915 403 2972 ad
417 2915 588 2992 sanguinem
603 2917 719 2974 incitari
741 2916 813 2974 solet
833 2916 931 2973 odium
955 2925 1004 2972 aut
1018 2915 1123 2971 levium
1137 2915 1252 2971 Graeoo·

262 3011 336 3063 rum,
362 3005 411 3052 aut
438 2993 607 3052 immanium
636 2995 829 3053 barbarorum.
872 2994 950 3051 Nam
977 2994 1046 3067 quid
1069 2992 1147 3050 aliud
1169 2993 1251 3069 agisl

262 3083 294 3128 ut
308 3073 410 3132 Romae
425 3093 461 3132 ne
476 3073 532 3130 sitl
555 3085 586 3131 ut
600 3075 684 3132 domo
698 3074 816 3132 careatl
837 3093 875 3131 ne
890 3093 955 3130 cum
978 3072 1093 3148 optimis
1107 3071 1251 3142 fratribus,

262 3171 299 3208 ne
324 3171 390 3210 cum
416 3153 470 3210 hoc
493 3152 531 3210 T.
557 3153 698 3224 Broccho,
714 3153 856 3210 avunculo
879 3172 940 3223 suo,
954 3171 992 3208 ne
1013 3170 1081 3208 cum
1099 3151 1162 3226 ejus
1182 3150 1251 3221 filio,

210 3235 247 3287 35
263 3232 433 3288 consobrino
447 3250 508 3300 suo,
523 3251 560 3288 ne
574 3232 735 3302 nobiscum,
750 3232 845 3289 rivatl
868 3251 905 3289 ne
919 3231 956 3288 sit
974 3231 1004 3288 in
1017 3230 1131 3306 patriril
1171 3229 1251 3286 Num

262 3311 326 3366 estl
353 3327 422 3366 num
449 3319 541 3383 potest
567 3310 660 3386 magis
687 3329 787 3368 carere
809 3310 854 3368 his
874 3310 1016 3379 omnibus,
1041 3307 1128 3382 qudm
1149 3309 1251 3364 caretl

263 3387 348 3444 Italia
363 3387 538 3463 prohibetur,
553 3389 672 3446 exsulat.
714 3389 783 3446 Non
797 3400 828 3446 tu
842 3408 911 3465 ergo
924 3389 1002 3445 huno
1024 3387 1117 3463 patrib
1131 3387 1251 3462 privare,

262 3467 430 3541 quieceret,
453 3466 504 3524 sed
528 3466 596 3537 vitri,
606 3467 662 3530 ¹vis.
706 3470 746 3525 At
760 3468 846 3538 istud,
874 3487 911 3525 ne
940 3467 1014 3542 apud
1041 3484 1108 3523 eum
1135 3465 1252 3540 quidem

263 3544 442 3615 dictatorern,
464 3545 513 3619 qui
535 3565 644 3617 omnes,
667 3566 737 3622 quos
759 3548 869 3616 oderat,
888 3556 980 3603 morte
1001 3545 1150 3614 multabat,
1177 3544 1254 3618 quis-

211 3637 247 3690 4ο
263 3643 348 3698 quarn
363 3624 422 3700 egit
437 3624 490 3682 isto
504 3625 595 3682 modo.
637 3624 703 3702 Ipse
714 3625 834 3700 jubebat
854 3625 960 3694 occidi,
974 3623 1054 3681 nullo
1074 3623 1253 3699 postulante:

262 3703 386 3777 premiis
400 3703 487 3761 etiam
503 3703 649 3761 invitabat.
689 3704 767 3765 Qua
781 3713 878 3762 tamen
903 3702 1068 3773 crudelitas,
1084 3702 1120 3758 ab
1140 3701 1254 3772 eodem,

264 3779 371 3854 aliquot
398 3781 480 3839 annis
506 3782 581 3858 pbst,
609 3801 694 3858 quem
721 3783 971 3841 nunc-crudelem
999 3801 1063 3839 esse
1089 3780 1141 3852 ris,
1163 3780 1255 3837 vindi·

264 3869 330 3912 cata
344 3868 395 3914 est.
