2775 4425
168 378 209 437 90
443 376 580 427 ORATIO
601 376 672 426 PRO
694 373 835 425 ARCHIA
857 374 987 424 PORTA.

220 519 307 579 etiam
327 520 387 577 suis
413 520 567 579 tradituros
593 540 656 579 esse
677 518 798 577 conlido.
821 517 968 595 ‘Corpora
986 538 1055 577 vero
1075 537 1138 590 sua,
1157 538 1209 595 pro

221 599 312 655 salute
326 616 426 675 regum
441 617 567 671 suorum,
581 599 612 657 hi
631 598 720 677 legati
740 598 794 655 tibi
813 598 887 673 regii
906 598 1034 669 tradunt,
1048 598 1166 669 Hieras,
1178 608 1209 655 et

220 677 391 742 Riesamius,
406 687 435 734 et
456 678 631 754 Antigonus,
643 678 698 735 tibi
716 676 854 751 nobisque
867 677 1001 734 omnibus
1011 676 1123 751 jamdiu
1136 677 1206 748 noti,

221 756 380 829 eademque
400 756 457 813 lide
477 766 507 813 et
527 757 630 814 virtute
649 755 787 832 praeditus
806 753 959 829 Doryliius,
973 756 1023 830 qui
1036 774 1127 831 nuper
1140 774 1208 813 cum

185 829 203 883 5
221 832 313 891 Hierd
334 834 446 911 legatus
465 845 510 895 est
530 835 566 892 sd
586 845 615 892 te
635 834 748 905 missus,
763 842 824 890 tum
839 850 940 909 remim
954 834 1132 906 amicissimi,
1146 844 1208 891 tum

219 912 273 969 tibi
293 912 391 983 etiam,
413 923 444 970 ut
470 933 561 989 spero,
581 912 700 989 probati.
742 911 868 986 Exquire
888 912 925 969 de
953 910 1106 983 Blesamio,
1127 930 1209 969 nnm-

220 991 289 1067 quid
310 992 346 1047 ad
367 1011 465 1067 regem
486 1003 586 1050 contra
606 991 776 1067 dignitatem
802 1000 882 1047 tuam
906 990 1060 1065 scripserit
1102 991 1209 1048 Hieras

220 1070 336 1145 quidem
357 1089 475 1128 calisam
494 1090 609 1130 omnem
629 1069 758 1146 suscipit,
772 1078 802 1125 et
822 1069 992 1127 criminibus
1006 1070 1063 1126 illis
1075 1090 1127 1147 pro
1139 1088 1207 1146 rege

221 1168 252 1206 se
280 1148 412 1224 supponit
437 1168 536 1207 reum:
567 1149 736 1206 memoriam
764 1157 845 1204 tuam
872 1147 1013 1225 implorat,
1040 1150 1098 1225 qut
1132 1148 1209 1205 vales
1284 1202 1297 1217 „

170 1224 204 1278 10
221 1224 501 1305 plurimirmzmegat
515 1246 640 1303 unquam
659 1244 690 1283 se
712 1246 729 1283 a
748 1236 778 1283 te
798 1226 828 1283 in
848 1224 979 1284 Deiotari
992 1227 1148 1285 tetrarchia
1160 1246 1209 1303 pe·

222 1308 288 1365 dem
302 1306 485 1365 discessisse:
507 1306 649 1383 inprimis
663 1305 769 1363 linibus
782 1304 835 1361 tibi
856 1324 888 1361 se
908 1317 1011 1381 presto
1025 1306 1112 1363 fuisse
1125 1306 1207 1376 dicit,

222 1404 312 1461 usque
333 1385 369 1443 ad
390 1385 504 1443 ultimos
523 1394 723 1461 prosecutum:
745 1381 812 1441 cirm
826 1403 843 1440 e
857 1383 961 1441 balneo
979 1384 1096 1455 exisses,
1110 1394 1208 1442 tecum

221 1484 253 1521 se
267 1464 365 1535 fuisse,
379 1462 447 1521 oiim
461 1465 511 1523 illa
524 1482 644 1521 munera
658 1462 828 1538 inspexisses
848 1474 987 1533 cenatus,
1002 1460 1071 1520 oiim
1085 1464 1114 1520 in
1129 1463 1209 1521 cubi·

221 1543 289 1601 uulo
308 1543 505 1613 recubuisses3
527 1543 706 1617 eandemque
727 1540 923 1598 assiduitatem
941 1541 1040 1599 tibbse
1052 1542 1209 1617 prebuisse

170 1618 204 1672 15
222 1622 365 1698 postridie.
406 1621 614 1692 Quamobrem,
635 1619 748 1695 siquid
776 1632 885 1689 eorum,
905 1638 969 1694 quae
995 1620 1109 1695 objecta
1131 1630 1208 1691 sunt,

222 1702 379 1776 cogitatum
402 1700 448 1770 sit,
470 1718 527 1757 non
550 1709 674 1770 recusat,
697 1698 767 1773 quin
791 1697 820 1755 id
848 1697 961 1755 lacinus
981 1718 1065 1755 suum
1085 1698 1207 1774 judices

220 1777 381 1847 Quocirca,
395 1778 450 1834 Cai
472 1778 680 1848 Caesar,·velim
700 1776 856 1847 existimes,
870 1776 1009 1834 hodierno
1027 1777 1075 1834 die
1095 1787 1209 1835 senten·

221 1856 291 1911 tiam
312 1865 401 1925 tuam,
423 1865 473 1911 aut
493 1873 560 1912 cum
588 1874 702 1913 summo
728 1855 870 1924 dedecore
890 1856 1078 1913 miserrimam
1099 1867 1208 1931 pestem

222 1932 435 2009 importaturam
450 1952 512 1991 esse
523 1933 649 2011 regibus,
662 1943 711 1990 aut
721 1932 895 1991 incolumem
906 1932 1013 1991 lamam
1022 1929 1091 1991 cuni
1099 1935 1207 2001 salute:

168 2014 204 2069 20
221 2030 341 2087 quorum
356 2011 476 2069 alterum
489 2022 597 2089 optare,
610 2012 724 2072 illorum
734 2012 913 2071 crudelitatis
926 2022 988 2084 est3
1010 2012 1131 2071 alterum
1141 2033 1210 2071 con·

221 2109 345 2160 serrare,
360 2090 520 2149 clementiae
534 2102 600 2149 tute.

532 2285 900 2316 ω

602 2456 831 2538 omium
931 2422 943 2436 ”

684 2636 744 2674 Pae

309 2754 359 2826 A.
401 2753 615 2830 LICINIO
660 2753 876 2830 ARCHIA
917 2753 1117 2829 POETA.

579 2963 837 2978 ffl

261 3107 284 3165 l.
317 3109 349 3166 Si
371 3109 440 3184 quid
461 3120 505 3169 est
525 3110 554 3168 iu
575 3129 621 3168 me
642 3108 761 3186 ingenii,
778 3107 901 3184 judices,
916 3112 991 3184 quod
1011 3109 1104 3169 sentio
1122 3107 1210 3184 qurlm

221 3186 258 3243 sit
272 3188 424 3264 exiguum3
447 3201 496 3246 aut
516 3190 540 3247 si
561 3208 618 3264 qua
638 3187 806 3246 exercitatio
825 3188 953 3259 dIcendi,
968 3191 998 3249 in
1015 3191 1073 3266 qud
1091 3207 1210 3246 menon

221 3265 334 3324 inficior
355 3267 537 3325 mediocriter
557 3287 620 3326 esse
641 3278 802 3335 versatum
824 3277 874 3324 aut
893 3267 918 3325 si
940 3268 1060 3344 hujusce
1078 3269 1120 3326 rei
1136 3266 1210 3324 ratio

168 3358 204 3411 25
223 3345 327 3420 aliqua,
351 3347 387 3403 ab
408 3347 578 3422 optimarum
603 3347 708 3404 artium
728 3346 830 3402 studiis
845 3366 880 3403 ac
898 3347 1051 3424 disciplina
1070 3348 1209 3423 profecta,

223 3423 309 3498 aqud
323 3444 378 3501 ego
391 3423 501 3482 nullum
516 3424 652 3484 confiteor
673 3426 765 3483 etatis
785 3443 856 3481 meae
876 3435 989 3502 tempus
1010 3425 1209 3493 abhorruisse3

222 3521 321 3560 earum
336 3522 430 3560 rerum
451 3504 580 3562 omnium
594 3504 637 3562 rel
661 3505 690 3562 in
709 3503 808 3580 primis
823 3504 871 3562 hic
887 3505 923 3560 A.
937 3504 1070 3562 Licinius
1084 3504 1210 3561 fructum

222 3599 239 3636 a
262 3600 308 3638 me
331 3593 458 3658 repetere
479 3581 565 3660 prope
590 3603 643 3642 suo
663 3583 728 3660 jure
751 3583 845 3640 debet
886 3582 975 3654 Nam,
989 3583 1083 3658 quoad
1105 3581 1211 3658 longis-

221 3658 293 3715 sime
308 3671 400 3735 potest
419 3681 501 3720 mens
521 3681 586 3720 mea
605 3663 748 3738 respicere
767 3663 891 3738 spatium
910 3662 1046 3738 preteriti
1064 3660 1209 3736 temporis,

169 3746 204 3801 3ο
222 3747 250 3794 et
271 3739 398 3811 pueritiae
419 3741 585 3798 memoriam
607 3741 751 3798 recordari
771 3741 912 3811 ultimam,
933 3740 1001 3798 inde
1021 3759 1112 3815 usque
1132 3757 1208 3814 repe

221 3826 295 3884 tens,
310 3816 388 3874 huuc
408 3819 490 3876 video
510 3820 580 3876 mibi
601 3819 769 3895 principem,
784 3829 814 3876 et
833 3820 870 3876 ad
890 3820 1103 3896 suscipiendam
1123 3827 1153 3874 et
1173 3817 1210 3872 ad

222 3891 440 3967 ingrediendam
459 3898 599 3955 rationem
621 3899 721 3956 horum
743 3898 913 3970 studiorum,
926 3899 1078 3956 exstitisse.
1117 3894 1208 3958 Quod
