2775 4425
190 378 231 435 80
453 374 589 425 ORATIO
611 374 681 423 PRO
702 374 801 423 REGE
824 373 1018 423 DEIOTARO.

243 518 395 577 audiebam
406 537 413 587 ;
434 527 564 574 nontam
580 516 716 574 afflictam
738 518 848 594 regiam
872 517 1066 575 conditionem
1087 516 1220 574 dolebam

242 597 328 672 quam
355 596 391 654 de
416 596 534 654 fortunis
555 596 756 653 communibus
775 597 1007 653 extimescebam.
1048 594 1137 666 Nam,
1152 594 1230 665 crim,

242 695 320 734 more
335 675 483 751 majorum,
498 674 534 731 de
558 693 638 732 servo
660 674 689 730 in
713 675 871 745 dominum,
886 693 923 731 ne
941 674 1089 731 tormentis
1103 674 1231 747 quidem,

242 754 330 830 quaeri
358 754 445 811 liceat
473 752 517 827 (in
544 752 601 827 quai
620 753 775 827 quaestione
796 753 875 810 dolor
894 771 990 809 veram
1012 771 1110 809 vocem
1124 752 1232 809 elicere

207 833 330 910 5possit
350 833 437 890 etiam
460 832 495 887 ab
524 831 646 909 invito);
677 842 792 888 exortus
818 842 862 887 est
884 850 993 901 servus,
1013 830 1073 905 qui,
1094 849 1180 905 quem
1199 831 1231 888 in

243 912 365 987 equuleo
380 910 520 986 appellare
535 929 590 967 non
605 919 708 984 posset,
724 928 790 966 eum
805 921 955 967 accusaret
968 910 1085 966 solutus.

283 990 323 1047 II.
358 989 510 1047 Perturbat
525 1007 580 1058 me,
595 988 649 1045 Cai
664 988 773 1059 Caesar,
787 988 875 1045 etiam
890 987 959 1045 illud
974 988 1134 1056 interdum3
1155 988 1231 1062 quod

243 1079 350 1159 tamen,
374 1086 442 1125 cum
466 1078 494 1124 te
515 1064 630 1142 penitius
646 1066 814 1160 recognovi,
838 1067 940 1124 timere
961 1065 1080 1123 desino:
1101 1085 1132 1122 re
1152 1067 1232 1123 enim

245 1148 374 1223 iniquum
388 1156 441 1216 est,
455 1147 506 1203 sed
521 1146 570 1202 tua
587 1145 735 1220 sapientia
749 1144 781 1201 fit
777 1144 997 1234 aequissimum.
1040 1144 1117 1201 Nam
1132 1144 1231 1202 dicere

195 1229 227 1283 10
246 1227 320 1321 apud
334 1245 401 1283 euru
415 1225 452 1281 de
476 1224 613 1294 facinore,
622 1234 723 1281 contra
737 1222 820 1298 cujus
831 1224 917 1279 vitam
931 1222 1083 1280 consilium
1095 1222 1232 1280 facinoris

245 1304 333 1363 inisse
357 1323 388 1361 ar
409 1322 488 1374 uere,
503 1302 596 1378 siper
620 1300 745 1377 seipsum
766 1302 940 1372 consideres,
954 1320 1040 1378 grave
1063 1310 1125 1357 est:
1146 1320 1233 1359 nemo

245 1384 323 1442 enim
347 1383 407 1440 lere
431 1393 484 1453 est,
498 1381 557 1456 qui,
571 1380 615 1437 sui
636 1379 757 1456 periculi
776 1380 874 1456 judex,
888 1399 945 1437 non
964 1380 1018 1436 sibi
1033 1399 1063 1436 se
1078 1380 1232 1453 aequiorem

246 1462 333 1538 qudm
356 1482 406 1519 reo
426 1462 558 1537 prebeat.
601 1459 659 1516 Sed
683 1468 743 1528 tua,
757 1458 813 1515 Cai
827 1459 935 1529 Caesar,
949 1470 1087 1548 praestans
1107 1458 1233 1547 singula-

246 1542 341 1617 risque
355 1551 458 1598 natura
471 1540 549 1596 bunc
568 1537 638 1595 mihi
662 1547 770 1593 metum
792 1536 904 1594 minuit
945 1536 1012 1594 Non
1027 1537 1104 1594 enim
1119 1546 1177 1593 tam
1198 1537 1233 1593 ti·

194 1619 228 1673 15
246 1640 320 1691 meo,
345 1620 414 1693 quid
449 1636 468 1673 u
492 1617 528 1674 de
542 1636 610 1693 rege
632 1614 778 1686 Deiotaro,
793 1614 879 1689 quim
904 1614 1041 1705 intelligo,
1056 1615 1125 1689 quid
1145 1616 1182 1671 de
1202 1625 1232 1672 te

247 1710 365 1756 caeteros
379 1697 448 1753 velis
459 1696 598 1771 judicare.
640 1693 758 1751 Moveor
779 1694 866 1751 etiam
890 1693 975 1751 1οοί
968 1695 1056 1782 ipsius
1070 1693 1231 1765 insolentia,

246 1776 323 1851 quod
337 1785 446 1832 tantam
460 1791 588 1843 causam,
603 1781 712 1846 quanta
735 1772 814 1829 nulla
835 1790 961 1861 unquam
976 1772 1005 1829 in
1025 1772 1232 1847 disceptatione

247 1864 358 1910 versata
371 1862 424 1923 est,
439 1850 525 1908 dico
519 1860 593 1907 intra
607 1850 778 1908 domesticos
791 1852 924 1926 parietes,
939 1851 1005 1908 dico
1017 1861 1097 1907 extra
1110 1870 1234 1908 conven-

246 1942 307 1987 tum
321 1941 349 1987 et
363 1948 426 1987 eam
443 1927 663 2018 frequentiam,
657 1947 686 1984 m
701 1928 758 2001 qua
781 1940 924 1987 oratorum
948 1930 1043 1986 studia
1056 1928 1108 1986 niti
1123 1930 1231 1987 solent:

193 2008 254 2063 20
247 2029 276 2066 ιιι
303 2009 360 2067 tuis
379 2007 516 2079 oculis,
509 2026 538 2064 m
566 2017 616 2065 tuo
640 2026 689 2065 ore
717 2006 863 2082 vultuque,
884 2007 1055 2083 acquiesco:
1083 2017 1112 2065 te
1142 2027 1231 2065 unum

246 2087 376 2146 intueor:
398 2088 435 2145 ad
462 2096 490 2143 te
512 2104 602 2143 unum
622 2086 717 2144 omnis
738 2104 803 2142 mea
825 2096 934 2162 spectat
946 2087 1064 2147 oratiot.
1076 2106 1139 2161 quae
1159 2088 1231 2144 mihi

247 2168 283 2225 ad
313 2186 392 2244 spem
419 2165 581 2226 obtinenda
612 2165 740 2224 veritatis
768 2164 937 2241 gravissima
956 2174 1032 2237 sunt,
1060 2167 1097 2223 ad
1123 2176 1230 2224 motum

246 2247 345 2319 animi,
360 2257 389 2305 et
403 2248 439 2304 ad
460 2264 574 2304 omnem
597 2244 735 2321 impetum
758 2244 885 2316 dicendi,
900 2245 1179 2320 contentionemque,
1192 2245 1232 2303 le·

245 2345 331 2384 viora.

192 2409 227 2462 25
285 2404 373 2462 Hanc
386 2405 474 2475 enirn,
489 2403 544 2461 Cei
559 2401 668 2473 Caesar,
683 2421 801 2460 causam
815 2401 839 2459 si
854 2402 883 2460 in
898 2402 958 2460 loro
978 2403 1115 2474 dicerem,
1130 2403 1231 2460 eodem

246 2483 380 2539 audiente
394 2494 423 2540 et
436 2483 615 2564 disceptante
629 2491 667 2551 te,
681 2491 818 2555 quantam
842 2481 913 2538 milri
938 2448 1116 2538 alacritaterri
1135 2481 1231 2571 populi

245 2559 372 2617 Romani
396 2577 554 2617 concursus
578 2559 705 2616 afferret!
746 2559 824 2620 Quis
847 2559 924 2617 enim
949 2559 1020 2616 civis
1042 2559 1069 2616 ei
1093 2561 1152 2636 regi
1173 2579 1231 2617 non

246 2636 362 2707 faveret,
378 2637 586 2713 cujusomnem
609 2647 723 2694 aetatem
748 2637 777 2695 in
798 2639 893 2715 populi
916 2637 1042 2695 Romani
1063 2638 1145 2696 bellis
1165 2657 1232 2695 con-

244 2725 385 2790 sumptam
413 2734 476 2772 esse
504 2715 703 2773 meminisset?
745 2717 912 2806 Spectarem
941 2717 1070 2787 curiam;
1106 2717 1231 2775 intuerer

191 2793 227 2847 30
245 2793 352 2863 forum;
375 2794 479 2851 coelum
494 2793 619 2868 denique
633 2805 753 2852 testarer
768 2795 868 2871 ipsum.
911 2792 1015 2865 Sic,
983 2814 1050 2852 oum
1061 2806 1090 2852 et
1104 2795 1231 2852 Deorum

244 2872 457 2944 immortalium,
471 2884 500 2930 et
513 2873 607 2949 populi
623 2873 760 2944 Romani,
775 2884 804 2931 et
826 2866 952 2944 senatus,
975 2873 1168 2932 beneficiam
1189 2894 1232 2931 re·

243 2970 309 3028 gem
332 2918 498 3010 Deiotarum
520 2953 696 3022 recordarer,
718 2952 798 3009 nullo
820 2951 904 3009 modo
925 2919 994 3009 niihi
1018 2953 1118 3010 deesse
1137 2963 1232 3041 posset

243 3031 341 3088 oratio.
382 3031 459 3092 Quae
473 3031 608 3126 quoniam
633 3031 799 3106 angustiora
819 3030 943 3106 parietes
965 3030 1074 3087 faciunt
1076 3031 1231 3104 ,actioque

244 3128 339 3166 causae
363 3109 486 3167 maxime
506 3109 671 3166 debilitatur
692 3109 774 3179 loco;
795 3119 876 3166 tuum
900 3118 953 3180 est,
968 3109 1075 3179 Caesar,
1100 3109 1149 3184 qui
1179 3129 1231 3184 pro

191 3190 227 3244 35
244 3187 341 3244 multis
362 3207 436 3264 saepe
459 3188 566 3258 dixisti,
581 3186 649 3262 quid
674 3207 753 3244 nunc
775 3186 845 3244 mihi
861 3187 948 3243 animi
971 3187 1017 3257 sit,
1033 3188 1069 3244 ad
1089 3198 1118 3244 te
1139 3187 1230 3263 ipsum

244 3265 366 3335 referre;
389 3285 444 3339 quo
459 3261 573 3322 facilius
596 3276 656 3320 tum
681 3265 801 3340 aequitas
814 3275 873 3336 tua,
888 3275 949 3323 tum
961 3233 1097 3323 audiendi
1111 3266 1232 3366 diligen·

243 3345 294 3414 tia,
309 3344 420 3401 minuat
434 3345 509 3400 banc
523 3343 764 3418 perturbationem
780 3363 883 3402 meam.

284 3422 343 3478 Sed
346 3432 521 3496 ,antequam
537 3422 572 3478 de
597 3422 782 3479 accusatione
806 3422 866 3498 ipsri
891 3422 965 3493 dico,
980 3423 1017 3480 de
1031 3433 1230 3480 accusatorum

244 3520 293 3577 spe
306 3519 400 3576 pauca
413 3500 527 3558 dicam:
550 3499 598 3588 qui
621 3518 688 3555 curn
713 3500 863 3558 videantur
886 3520 980 3576 neque
1002 3500 1119 3576 ingenio
1138 3519 1232 3576 neque

193 3576 228 3630 40
245 3598 296 3637 usu
312 3590 397 3653 atque
412 3578 616 3636 exercitatione
630 3597 725 3635 rerum
740 3580 844 3650 valere,
854 3589 950 3638 tamen
965 3579 1002 3636 ad
1016 3580 1093 3636 banc
1103 3597 1231 3650 causam,
1285 3577 1289 3584 ’

243 3677 299 3716 uon
315 3657 377 3714 sine
392 3657 487 3731 aliqui
501 3676 550 3732 spe
561 3666 588 3713 et
603 3657 787 3746 cogitatione,
802 3668 949 3716 venerunt

284 3733 341 3791 Ill
378 3735 487 3792 lratum
516 3747 544 3792 te
571 3734 632 3810 regi
656 3734 794 3792 Deiotaro
816 3736 903 3794 luisse
930 3756 987 3794 non
1011 3745 1094 3792 erant
1120 3735 1231 3793 nescii:

245 3812 379 3868 affectum
395 3813 475 3870 illum
485 3813 660 3902 ‘quibusdam
676 3811 865 3872 incommodis
878 3825 906 3872 et
915 3813 1105 3883 detrimentis,
1118 3826 1232 3902 propter

244 3889 430 3946 offensionem
445 3890 534 3946 animi
548 3889 600 3961 tui,
612 3891 821 3948 meminerant:
842 3903 928 3968 teque
950 3891 1019 3950 crim
1033 3891 1124 3949 buic'
1115 3903 1232 3964 iratum,
