2775 4425
365 386 501 437 ORATIO
523 386 592 437 PRO
614 386 652 437 M.
675 386 883 437 MARCELLO.
1133 388 1174 447 65

130 530 242 603 dicam,
251 550 309 589 non
323 530 442 607 perinde
456 530 577 609 intelligi
592 531 691 589 auditu
705 530 805 607 possit,
816 538 901 667 etque
915 529 976 607 ipse
990 530 1123 607 cogitans

130 611 236 667 sentio.
278 610 375 685 Ipsam
398 610 545 669 victoriam
566 610 670 668 vicisse
691 609 807 681 videris,
834 628 850 667 e
874 628 902 666 ru
922 627 968 679 ee,
988 628 1052 685 qne
1073 608 1123 667 ills

130 704 196 745 erat
211 689 323 765 adepta,
338 688 422 746 victis
436 690 577 747 remisisti.
621 688 710 761 Nam,
724 686 793 746 curn
807 687 897 763 ipsius
911 688 1037 746 victorie
1051 706 1122 746 con·

131 767 245 825 ditione
256 768 320 843 jure
333 786 434 824 omnes
446 768 516 825 vieti
529 767 748 837 occidissemus,
767 766 929 825 clementius
941 776 999 825 ture
1009 766 1122 843 judicio

131 845 296 903 conservati
310 864 418 903 sumus.
459 846 555 904 Recte
567 846 653 923 igitur
663 864 740 904 uuus
748 845 875 903 invictus
884 864 926 917 es,
939 864 1021 922 equo
1033 845 1121 903 etiarn
1152 846 1171 903 ⁵

132 923 227 999 ipsius
240 924 365 981 vietoriae
380 924 509 982 conditio
521 925 619 1000 visque
634 924 749 981 devicte
761 934 814 981 est.

173 1002 212 1059 V.
234 1003 331 1078 Atque
359 1004 415 1061 hoc
443 1003 478 1060 C.
500 1003 624 1061 Gesseris
648 1002 802 1079 judicium,
823 1002 924 1061 Patres
944 1001 1120 1079 conscripti,

131 1100 220 1155 quern
242 1080 299 1137 late
320 1090 428 1157 pateat,
442 1082 600 1139 attendite:
621 1100 723 1139 ornnes
742 1082 831 1153 enim,
844 1082 894 1157 qui
914 1081 951 1139 ed
972 1081 1021 1139 illa
1042 1100 1122 1140 nrms

132 1159 193 1215 fato
215 1178 314 1217 sumus
335 1160 510 1235 nescioquo
530 1160 696 1236 reipublice
723 1161 828 1218 misero
848 1160 1017 1237 funestoque
1044 1180 1122 1218 com·

130 1237 220 1313 pulsi,
242 1238 296 1295 etsi
318 1238 411 1313 aliqui
439 1240 525 1315 culpi
546 1249 677 1296 terremur
698 1240 801 1297 erroris
822 1239 950 1309 humani,
975 1258 992 1295 a
1011 1239 1120 1297 scelere
1136 1237 1171 1292 10

132 1315 215 1373 certe
238 1316 351 1373 liberati
375 1336 481 1374 sumus.
523 1317 611 1388 Nem,
626 1316 694 1375 citur
710 1317 752 1375 M.
767 1316 949 1387 Marcellum,
964 1317 1122 1393 deprecan-

131 1396 212 1452 tibus
227 1395 316 1467 vobis,
331 1396 497 1470 reipublicae
518 1396 717 1465 conservavit;
739 1406 845 1453 memet
869 1395 950 1465 milri,
963 1406 993 1453 et
1017 1396 1120 1453 iterum

131 1474 314 1549 reipublicae,
339 1474 418 1532 nullo
437 1475 623 1549 deprecante,
644 1474 769 1549 reliquos
790 1473 980 1550 amplissimos
999 1474 1073 1531 viros
1092 1484 1122 1531 et

132 1553 188 1610 sibi
204 1553 275 1628 ipsis
288 1564 318 1609 et
331 1553 439 1628 putrire,
454 1554 597 1610 reddidit:
618 1572 739 1629 quorum
753 1562 781 1609 et
803 1552 991 1627 frequentium
1012 1562 1042 1609 et
1060 1552 1122 1627 dig-

132 1631 256 1687 nitatem
272 1632 327 1688 hoc
342 1632 445 1706 ipsein
460 1650 598 1690 consessu
612 1632 725 1689 ridetis.
766 1630 834 1688 Nou
845 1630 892 1687 ille
903 1630 999 1687 hostes
1010 1629 1122 1687 induxit
1137 1632 1172 1686 15

132 1709 162 1766 in
177 1710 312 1778 curiam;
333 1710 384 1767 sed
402 1708 553 1785 judicavit,
569 1730 586 1768 e
604 1710 759 1787 plerisque,
774 1708 954 1787 ignoratione
972 1706 1078 1783 potiris,
1092 1719 1123 1765 et

132 1788 206 1845 salso
223 1798 306 1863 etque
321 1788 400 1845 inani
415 1800 504 1862 metu,
517 1788 603 1865 quim
618 1789 776 1865 cupiditate
791 1798 841 1846 aut
861 1786 1042 1859 crudelitate,
1063 1786 1123 1845 bel-

132 1866 194 1923 lum
211 1886 276 1923 esse
290 1877 464 1943 susceptum.
506 1869 577 1930 Quo
590 1868 705 1944 quidem
720 1868 750 1925 in
764 1867 840 1925 bello
858 1885 971 1942 semper
990 1866 1027 1923 de
1047 1884 1122 1944 pace

134 1946 314 2002 audiendum
327 1946 444 2022 putavi3
466 1965 634 2023 semperque
654 1946 744 2017 dolui,
758 1966 817 2004 non
837 1945 923 2004 modd
936 1962 1049 2021 pacem,
1069 1944 1122 2003 sed

132 2025 294 2082 orationem
329 2024 416 2081 etium
449 2024 567 2097 civium,
600 2044 702 2101 pacem
733 2025 934 2101 flagitantium,
967 2023 1120 2100 repudiari.
1135 2032 1172 2087 m

133 2102 241 2178 Neque
254 2104 333 2159 enim
347 2122 402 2179 ego
422 2104 480 2175 illa,
495 2123 551 2161 nec
576 2104 633 2161 ulla
654 2123 792 2178 unquam,
816 2115 933 2160 secutus
957 2121 1021 2158 sum
1043 2120 1123 2158 arma

134 2182 252 2252 civilia3
275 2200 443 2258 semperque
467 2202 532 2242 mea
553 2183 674 2242 consilia
696 2182 779 2258 pacis
803 2192 833 2238 et
852 2190 926 2256 togae
953 2178 1043 2251 socie,
1063 2197 1122 2236 non

134 2262 202 2318 belli
221 2274 304 2336 etque
320 2280 472 2332 armorum,
487 2263 611 2320 luerunt.
654 2261 812 2320 Hominem
826 2279 888 2316 sum
903 2267 1020 2314 secutus
1033 2257 1125 2333 priva-

135 2350 164 2396 to
183 2340 291 2410 officio,
316 2360 374 2397 non
395 2341 529 2417 publico:
560 2352 729 2416 tantumque
756 2339 831 2416 apud
858 2355 905 2394 me
932 2335 1006 2413 greti
1035 2334 1124 2392 enimi

136 2419 231 2476 fidelis
246 2419 383 2476 memorie
398 2421 495 2491 valuit,
510 2431 542 2477 ut
556 2421 644 2491 nulli,
659 2440 717 2478 non
739 2416 825 2476 modo
839 2416 1007 2492 cupiditate,
1021 2414 1072 2471 sed
1086 2432 1123 2471 ne
1136 2421 1174 2476 25

136 2517 185 2572 spe
208 2498 335 2572 quidem,
349 2499 475 2573 prudens
499 2509 528 2556 et
548 2501 653 2571 sciens,
675 2509 812 2574 tanquam
834 2497 870 2554 sd
894 2494 1041 2553 interitum
1059 2512 1126 2552 rue-

136 2595 196 2633 rem
213 2577 413 2634 voluntarium.

174 2656 267 2716 Quod
294 2655 410 2730 quidem
438 2675 534 2714 meum
561 2657 713 2715 consilinm
741 2653 860 2714 minime
881 2655 1036 2713 obscurum
1058 2651 1122 2711 suit.

137 2732 216 2791 Nem
231 2745 260 2790 et
274 2735 303 2792 in
319 2736 373 2792 hoc
388 2736 498 2806 ordine,
513 2736 625 2813 integri
646 2755 688 2807 re,
703 2737 792 2794 multa
812 2737 849 2793 de
861 2754 935 2811 paee
949 2733 1028 2790 dixi:
1048 2744 1079 2789 et
1093 2732 1122 2788 in

138 2811 200 2887 ipso
216 2813 291 2870 bello
304 2814 416 2884 eadem,
430 2816 515 2871 etiam
531 2835 597 2873 curn
612 2817 715 2890 cepitis
729 2816 786 2872 mei
796 2814 935 2890 periculo,
949 2810 1036 2868 sensi.
1078 2808 1123 2866 Ex
1136 2817 1173 2870 30

138 2910 194 2965 quo
206 2891 266 2968 jam
281 2910 366 2964 neruo
380 2893 434 2949 erit
448 2904 504 2950 tnrn
521 2893 642 2970 injustus
656 2913 750 2951 rerum
774 2890 987 2969 [existimator,]
1003 2888 1052 2962 qui
1073 2888 1125 2944 du·

140 2968 221 3040 lutet,
235 2991 297 3045 quae
312 2970 437 3028 Caesaris
451 2974 581 3030 voluntas
602 2974 638 3029 de
663 2973 738 3028 bello
759 2971 854 3038 suerit,
868 2967 935 3025 crim
954 2966 1036 3041 pacis
1057 2983 1125 3021 auc·

140 3055 216 3105 tores
240 3051 452 3107 conservandos
474 3053 569 3108 stetim
594 3050 751 3118 censuerit,
774 3045 886 3104 caeteris
910 3043 995 3100 luerit
1016 3043 1123 3098 iratior.

141 3127 237 3202 Atque
247 3127 275 3183 id
288 3125 384 3184 minus
396 3130 497 3186 mirum
510 3130 629 3187 sortasse
641 3139 713 3198 turn,
723 3124 790 3183 erim
801 3132 877 3180 esset
887 3123 1012 3179 incertus
1020 3119 1124 3190 exitus,

141 3215 169 3261 et
178 3211 285 3280 anceps
297 3207 410 3264 fortuna
427 3209 510 3266 belli:
524 3209 572 3283 qui
588 3205 665 3278 verti,
675 3207 775 3274 victor,
786 3202 867 3279 pacis
878 3211 1010 3259 unctores
1021 3198 1124 3274 diligit,
1137 3207 1174 3262 35

142 3281 165 3338 is
175 3283 304 3358 prolecto
316 3286 454 3356 declaret,
464 3307 494 3344 se
506 3288 641 3344 maluisse
653 3306 711 3344 non
720 3283 869 3352 dimicare,
878 3278 964 3356 qudm
977 3278 1103 3336 vincere.

180 3362 233 3420 vl.
269 3365 364 3439 Atque
392 3365 476 3439 hujus
499 3367 614 3440 quidem
642 3366 683 3423 rei
712 3364 753 3420 M.
778 3362 917 3419 Marcello
943 3378 1006 3416 sum
1033 3357 1123 3414 testis.

142 3438 239 3498 Nostri
255 3443 332 3499 enim
357 3463 468 3516 sensus,
484 3456 515 3501 ut
540 3445 568 3501 in
590 3465 663 3521 pace
686 3462 808 3518 semper,
831 3441 874 3499 sic
895 3450 956 3496 tum
981 3437 1069 3494 etiem
1094 3435 1124 3491 in

144 3519 216 3577 bello
230 3523 436 3597 congruebaut.
477 3523 602 3584 Quoties
616 3544 670 3600 ego
683 3543 760 3592 eum,
775 3534 804 3579 et
816 3530 923 3596 quanto
937 3535 1003 3574 cum
1017 3514 1124 3584 dolore,

143 3599 209 3668 vidi,
225 3599 292 3657 crim
310 3601 491 3658 insolentium
517 3613 660 3660 certorum
680 3602 839 3668 homiuum,
853 3609 913 3655 tum
934 3597 1021 3652 etiam
1036 3593 1125 3668 ipsius
1138 3589 1174 3642 40

143 3677 268 3734 victoriae
284 3679 471 3750 ferocitatem,
487 3682 742 3739 extimescenteml
783 3677 855 3738 Quo
869 3675 976 3753 gratior
990 3684 1039 3730 tua
1053 3672 1125 3729 libe-

144 3756 248 3826 ralitas,
264 3758 298 3814 C.
314 3759 422 3830 Caeser,
437 3759 528 3829 uobis,
543 3761 591 3835 qui
614 3759 810 3826 diuidimus,
834 3756 920 3813 debet
943 3772 1014 3810 esse.
1056 3750 1124 3809 Non

144 3836 219 3891 enim
241 3836 301 3911 jem
322 3855 417 3894 cuusae
440 3849 507 3895 sunt
531 3839 605 3896 inter
626 3859 667 3910 se,
682 3837 733 3895 sed
756 3835 892 3904 victorie,
914 3832 1124 3908 comparandae.

145 3912 277 3972 Vidimus
290 3925 368 3972 tuam
379 3917 532 4051 giptoriem
546 3917 710 3994 proeliorum
722 3915 801 3974 exitu
814 3913 1015 3973 terminatam:
1035 3910 1126 3988 gladi·
1188 3923 1206 3946 ·
