2775 4425
171 353 192 411 s
441 322 579 400 enarro
601 350 623 400 1.
646 350 683 399 m
708 351 738 399 n.
762 349 976 401 camnmnu.

222 491 287 549 licae
312 492 475 564 consilium,
497 513 592 570 neque
617 494 772 553 auctoritas
792 494 878 571 hujus
898 494 1026 553 ordinis:
1054 514 1117 562 nos,
1140 517 1203 570 nos,
1290 542 1296 555 .
1374 505 1378 530 '

222 571 289 627 dico
304 570 412 647 aperte,
428 573 561 630 consules
575 574 719 631 desumus.
731 574 773 647 bk
1373 575 1377 610 ¹

262 648 303 706 II.
347 650 483 708 Decrevit
503 653 648 726 quondam
663 663 790 724 senatus,
805 663 835 710 ut
850 652 884 709 L.
899 650 1034 729 Opimius
1049 655 1149 712 consul
1165 656 1204 712 vi·

223 727 314 799 deret,
329 730 447 805 nequid
463 731 624 807 respublica
639 732 804 788 detrimenti
819 746 944 807 caperet.
986 732 1054 789 Nox
1068 734 1147 790 nulla
1162 734 1204 791 in·

96 870 99 875 ¹
170 809 187 861 5
223 809 370 866 tercessit:
392 810 560 867 interfectus
574 822 628 881 est,
643 823 756 886 propter
770 812 908 885 quasdam
923 811 1098 869 seditionum
1112 814 1203 889 suspi-

209 935 211 940 .
222 886 331 958 aiones,
342 888 375 945 C.
385 888 547 959 Gracchus,
557 889 716 946 clarissimo
724 900 815 965 patre,
825 908 887 961 avo,
896 891 1067 965 majoribus:
1086 892 1202 949 occisus

221 979 265 1023 est
287 985 353 1022 cum
368 967 464 1024 liberis
484 967 525 1025 M.
541 967 670 1039 Fulvius,
686 969 853 1025 consularis.
897 969 990 1025 Simili
1005 971 1203 1027 senonis-con·

222 1046 307 1115 sulto,
319 1046 352 1102 C.
365 1045 458 1103 Mario
469 1056 498 1103 et
511 1047 541 1103 L.
554 1047 681 1117 Valerio,
693 1048 871 1119 consulibus,
881 1047 1021 1123 permissa
1031 1060 1075 1105 est
1086 1050 1202 1125 respub·

222 1124 279 1180 lica
292 1144 298 1181 :
321 1144 389 1182 num
402 1144 489 1181 unum
502 1125 578 1182 diem
589 1136 686 1201 postea
699 1126 732 1183 L.
743 1127 931 1183 Saturninum
941 1127 1086 1184 tribunum
1098 1129 1200 1204 plebis,

172 1209 204 1261 10
222 1213 251 1259 et
265 1203 299 1259 C.
316 1204 467 1261 Servilium
483 1215 642 1279 praetorem,
653 1224 729 1261 mors
743 1225 778 1262 ac
789 1206 954 1281 reipublicae
963 1225 1049 1281 poena
1060 1221 1200 1265 remorata
1209 1208 1272 1332 p<

222 1284 287 1339 estl
329 1283 370 1339 At
383 1303 436 1340 nos
450 1284 617 1341 vicesimum
630 1283 781 1359 jam-diem
795 1285 920 1359 patimur
935 1286 1200 1343 hebescere-aciem
1275 1318 1286 1325 -

223 1361 323 1419 horum
339 1362 525 1421 auctoritatis,
567 1362 719 1419 Habemus
732 1364 810 1420 enim
827 1364 989 1439 hujusmodi
1004 1364 1201 1422 senatuis-con·

222 1441 338 1514 sulcum,
353 1453 540 1499 veruntamen
561 1441 705 1499 inclusum
727 1442 892 1514 lumbulis,
915 1456 1049 1518 tanquam
1071 1444 1199 1519 gladium

221 1519 250 1577 in
273 1522 377 1597 vagina
398 1522 595 1591 reconditum
622 1541 679 1596 quo
699 1541 736 1579 ex
756 1522 1026 1593 cenabis-consulto,
1049 1523 1198 1580 confestim

167 1602 204 1672 ,15
222 1598 404 1657 intersectum
419 1612 447 1657 te
461 1620 534 1672 esse,
550 1601 687 1671 Catilina,
700 1602 843 1658 convenit.
886 1601 984 1671 Vivis3
1006 1613 1035 1658 et
1049 1602 1129 1672 vivis,
1141 1622 1199 1659 non

222 1679 256 1735 ad
278 1679 489 1753 deponendam,
509 1680 558 1736 sed
582 1679 617 1735 ad
639 1679 877 1750 confirmandam,
892 1680 1053 1737 audaciam.
1095 1681 1198 1757 Cupio,

221 1756 322 1813 Patres
342 1758 517 1832 Conscripti,
533 1777 578 1815 me
599 1777 661 1814 esse
676 1758 869 1815 clementem:
890 1760 986 1833 cupio,
1002 1759 1031 1816 in
1046 1761 1133 1817 tantis
1147 1760 1200 1817 rei·

220 1836 344 1911 publicae
364 1837 509 1911 periculis,
531 1855 577 1893 me
598 1856 656 1893 non
677 1836 847 1894 dissolutum
868 1836 974 1895 videri:
1004 1839 1055 1895 sed
1073 1839 1133 1915 jam
1154 1859 1200 1896 me

221 1914 281 1989 ipse
297 1914 406 1971 inertiae
421 1915 612 1990 nequitiaeque
627 1916 789 1973 condemno

167 2002 203 2056 20
261 1994 363 2051 Castra
378 2006 443 2053 sunt
458 1994 488 2051 in
503 1992 598 2065 Italia,
613 2006 714 2051 contra
728 1917 946 2071 remlrddicam,
959 1995 988 2053 in
1003 1996 1126 2054 Etrurine
1141 1996 1201 2054 fau·

221 2072 304 2130 cibus
318 2073 474 2131 collocata:
496 2074 601 2131 crescit
623 2074 651 2130 in
673 2074 736 2131 dies
756 2075 885 2151 singulos
907 2075 1030 2133 hostium
1046 2095 1198 2133 numerus:

220 2171 318 2211 eorum
335 2164 430 2210 autem
445 2154 642 2231 imperatorem
659 2164 827 2227 castrorum,
839 2155 1001 2232 ducemque
1013 2156 1146 2227 hostium,
1160 2155 1201 2211 in·

220 2247 265 2290 tra
286 2234 401 2305 moenia,
425 2247 509 2310 atque
532 2231 604 2292 adeo
630 2233 658 2291 in
681 2247 794 2306 senatu,
809 2235 949 2306 videmus,
965 2236 1128 2293 intestinam
1152 2235 1201 2290 ali-

220 2332 306 2387 quam
327 2313 453 2388 quotidie
474 2313 631 2388 perniciem
646 2313 812 2387 reipublicae
827 2315 1001 2371 molientem.
1044 2315 1076 2370 Si
1090 2325 1118 2370 te
1129 2314 1199 2388 jam,

167 2396 203 2449 25
221 2391 358 2461 Catilina,
378 2391 592 2467 comprehendi,
615 2391 639 2447 si
661 2392 795 2462 interfici,
813 2391 941 2466 jusser03
963 2393 1060 2460 credo,
1080 2392 1135 2448 erit
1156 2411 1201 2447 ve-

221 2469 341 2525 rendum
365 2470 445 2538 milri,
461 2488 497 2525 ne
520 2488 587 2530 non,
600 2469 655 2524 hoc
679 2467 774 2542 potius
794 2488 896 2526 omnes
910 2470 978 2526 boni
992 2469 1084 2526 seritis
1106 2489 1123 2525 a
1143 2487 1199 2538 me,

220 2547 306 2622 quam
326 2548 475 2622 quisquam
497 2544 653 2617 crudelids,
674 2547 780 2604 factum
802 2567 866 2604 esse
886 2548 973 2604 dicat.
1016 2546 1124 2605 Verbm
1146 2567 1200 2624 ego

221 2625 287 2695 boc,
302 2627 376 2701 quod
395 2626 566 2701 jampridem
590 2625 697 2682 factum
718 2645 782 2682 esse
802 2626 936 2701 oportuit,
951 2627 1030 2683 certia
1048 2627 1085 2682 de
1099 2628 1215 2698 causa,

221 2705 349 2761 nondum
366 2705 502 2775 adducor,
519 2716 549 2761 ut
564 2704 677 2779 faciam.
721 2705 800 2762 Tum
820 2705 945 2780 denique
967 2705 1139 2762 interficiam
1161 2715 1200 2778 te,

168 2785 203 2840 30
221 2781 289 2841 clim
301 2784 359 2860 jam
375 2803 460 2840 nemo
474 2795 532 2840 tam
556 2783 711 2858 improbus,
726 2795 784 2842 tam
807 2784 945 2860 perditus,
960 2795 1018 2841 tam
1033 2785 1075 2842 tui
1089 2785 1200 2858 similis,

221 2863 342 2921 inveniri
353 2863 466 2940 poterit,
478 2864 526 2939 qui
539 2863 567 2920 id
580 2882 637 2920 non
647 2862 711 2939 jure
723 2863 831 2921 factum
846 2883 908 2920 esse
923 2864 1054 2921 fateatur.
1088 2864 1201 2926 Quam·

220 2943 270 3001 diu
289 2943 438 3019 qnisquam
461 2945 524 3014 erit,
539 2943 587 3019 qui
608 2955 637 3000 te
659 2941 816 3001 defendere
838 2943 951 3014 audeat,
966 2943 1059 3002 vives:
1080 2954 1110 3000 et
1124 2943 1201 3001 vives

221 3023 270 3095 ita,
286 3035 317 3080 ut
331 3043 410 3080 nunc
433 3023 512 3094 vivis,
528 3023 624 3080 multis
645 3023 718 3080 meis
736 3035 765 3080 et
786 3023 875 3080 firmis
895 3023 1036 3098 praesidiis
1056 3024 1201 3094 obsessus,

222 3123 258 3160 ne
280 3111 459 3160 commovere
481 3114 509 3160 te
530 3113 631 3160 contra
652 3103 859 3179 rempublicam
874 3103 981 3178 possis:
1004 3102 1157 3160 multorum
1173 3115 1201 3160 te

168 3191 203 3245 35
221 3183 308 3240 etiam
329 3183 406 3240 oculi
420 3192 450 3239 et
464 3201 557 3253 aures,
572 3202 628 3239 non
645 3183 827 3253 sentientem,
843 3181 932 3258 (sicut
948 3182 1043 3240 adhuc
1055 3183 1199 3262 fecerunt)

221 3261 447 3337 speculabuntur
463 3275 546 3335 atque
561 3261 734 3317 custodient.

261 3339 324 3404 Ill,
362 3340 477 3396 Etenim
492 3339 559 3414 quid
574 3349 627 3408 est,
640 3339 776 3408 Catilina,
788 3338 863 3412 quod
875 3338 935 3414 jam
951 3337 1073 3414 amplibs
1084 3359 1202 3414 exspec-

221 3430 275 3489 tes,
300 3418 438 3493 sineque
462 3436 517 3474 nox
544 3417 670 3472 tenebris
694 3417 848 3473 obscurare
873 3428 964 3473 coetus
986 3418 1120 3485 nefarios,
1145 3437 1201 3473 nec

222 3499 333 3575 privata
347 3498 448 3554 domus
461 3495 617 3570 parietibus
631 3494 780 3550 continere
795 3513 894 3551 vocem
916 3493 1124 3569 conjurationis
1144 3506 1201 3552 tuae

168 3583 204 3636 to
222 3579 335 3654 potestl
357 3577 380 3633 si
396 3576 583 3642 illustrantur,
594 3572 618 3629 si
630 3583 784 3648 erumpunt
797 3573 916 3630 omnial
950 3572 1030 3632 Muta
1042 3574 1101 3650 jam
1117 3573 1200 3632 istam

222 3667 366 3714 mentem:
389 3654 459 3711 mibi
474 3653 577 3710 crede:
598 3651 768 3710 obliviscere
783 3651 881 3723 caedis,
894 3663 978 3728 atque
990 3653 1200 3712 incendiorum.

222 3735 347 3792 Teneris
368 3734 510 3809 undique:
540 3731 604 3788 luce
625 3741 692 3788 sunt
712 3731 833 3807 clariora
847 3731 929 3789 nobis
943 3743 993 3789 tua
1007 3733 1129 3790 consilia
1141 3753 1201 3790 om·

223 3814 270 3871 nia
282 3832 288 3869 :
312 3833 375 3887 qnae
387 3813 473 3869 etiam
486 3830 597 3868 mecum
608 3810 676 3867 licet
687 3829 886 3886 recognoscas.
922 3810 1130 3886 Meministine,
1142 3832 1199 3883 me,

222 3892 374 3951 antediem
386 3890 458 3949 XII.
474 3891 620 3948 Calendas
635 3889 817 3961 Novembris,
826 3889 923 3948 dicere
935 3890 964 3946 in
974 3902 1087 3963 senatu,
1099 3891 1160 3950 fore
1168 3891 1198 3948 in
