2775 4425
372 366 509 417 ORATIO
532 368 601 417 PRO
623 368 661 420 Μ.
684 369 892 421 mancatum.
1137 373 1179 433 68

176 514 234 572 Ille
257 513 374 589 quidem
402 512 526 570 fructum
548 530 640 572 omme
660 514 725 572 vitm
749 524 889 574 anteactae
916 514 1054 575 hodierno
1080 514 1129 573 die

135 594 297 651 maximum
312 592 399 667 cepit,
414 590 482 649 crim
497 610 608 651 summo
621 612 764 651 consensu
778 595 905 667 senatus,
919 607 979 654 tum
990 604 1130 690 praeterea

132 673 248 750 judicio
269 682 318 728 tuo
339 670 507 747 gravissimo
520 681 549 727 et
562 670 694 730 maximo.
737 672 782 731 Ex
803 693 860 749 quo
879 675 1006 751 profecto
1026 672 1130 731 intelli-

135 753 193 829 gis,
209 759 318 825 quanta
331 749 360 807 in
375 750 442 807 dato
465 750 607 809 beneficio
629 750 665 807 sit
686 751 760 823 laus,
774 750 843 810 edm
859 751 889 810 iu
910 761 1030 829 accepto
1048 762 1130 811 tanta

135 832 175 888 sit
189 830 290 907 gloria.
332 828 385 886 Est
398 826 465 886 verb
481 829 640 887 fortunatus
650 829 709 901 ille,
718 830 845 907 cujusex
858 832 951 891 salute
964 851 1022 890 nou
1036 831 1129 889 minor
1160 836 1179 889 5

134 909 215 987 pene
238 908 274 965 ad
293 926 403 979 omnes,
424 906 511 982 qudm
536 910 572 965 ad
594 908 687 985 ipsum
706 920 827 967 ventura
846 910 893 982 sit,
914 910 1014 969 laetitia
1032 928 1130 987 perve-

135 988 224 1047 nerit.
265 987 355 1049 Quod
369 986 396 1044 ei
410 986 526 1061 quidem
546 985 660 1060 meritd,
675 997 761 1062 atque
780 988 888 1065 optimo
904 989 978 1066 jure,
999 988 1128 1065 contigit.

134 1068 218 1129 Quis
232 1065 310 1123 enim
324 1076 367 1123 est
381 1065 429 1122 illo
443 1075 493 1122 aut
506 1066 664 1138 nobilitate,
675 1076 724 1124 aut
733 1068 884 1143 probitate,
895 1078 945 1126 aut
957 1067 1130 1146 optimarum

136 1145 245 1204 artium
269 1144 373 1216 studio,
396 1154 445 1201 aut
466 1143 642 1217 innocentii,
665 1155 716 1203 aut
736 1146 796 1204 ullo
814 1166 922 1223 genere
935 1146 1040 1219 laudis,
1059 1165 1130 1224 prm·

106 1234 109 1239 ’
135 1224 281 1283 stantiorl
1146 1235 1181 1290 10

175 1304 221 1361 II.
263 1300 381 1359 Nullius
400 1311 513 1359 tantum
540 1311 583 1359 eet
603 1300 711 1361 flumen
738 1303 859 1381 ingenii,
879 1305 987 1363 nullius
1013 1303 1131 1363 dicendi

136 1394 187 1441 aut
202 1381 350 1439 scribendi
364 1391 444 1438 tanta
457 1381 509 1451 vis,
523 1390 604 1438 tanta
618 1382 711 1457 copia,
720 1401 794 1457 qua,
803 1403 861 1441 non
871 1384 968 1441 dicam
982 1401 1130 1447 exornare.

134 1464 187 1520 sed
203 1479 351 1531 enarrare,
362 1460 395 1517 C.
406 1459 514 1531 Caesar,
524 1470 642 1517 restans
655 1471 752 1537 gestae
765 1461 860 1537 possit.
894 1461 1010 1519 Tamen
1022 1460 1133 1519 affirmo

137 1541 181 1621 (et
196 1542 254 1598 hoc
268 1558 340 1614 pace
355 1538 449 1597 dicam
464 1540 540 1617 tud),
555 1539 664 1596 nullam
687 1539 716 1597 in
736 1539 783 1597 his
802 1558 866 1598 esse
879 1539 995 1597 laudem
1016 1539 1138 1615 amplio-

134 1638 209 1691 rem,
234 1616 320 1693 quim
341 1636 415 1688 eam,
436 1636 523 1691 quam
544 1616 683 1675 hodierno
704 1616 751 1676 die
771 1628 946 1677 consecutus
964 1636 1005 1675 es
1046 1616 1133 1676 Soleo
1147 1620 1182 1676 1⁵

135 1719 214 1776 saepe
232 1708 297 1755 ante
311 1696 410 1755 oculos
423 1714 538 1773 ponere,
554 1696 640 1771 idque
655 1694 779 1755 libenter
793 1696 903 1755 crebris
923 1714 1061 1773 usurpare
1074 1714 1133 1754 aar·

135 1778 284 1847 monibus,
306 1794 406 1833 omnes
427 1786 587 1833 nostrorum
608 1774 820 1851 imperatorum,
840 1794 942 1835 omues
967 1785 1132 1834 exterarum

135 1858 282 1935 gentium,
306 1853 622 1931 potentissimorumque
644 1854 822 1931 populorum,
840 1874 941 1913 omnes
960 1853 1132 1914 clarissimo·

135 1956 201 1994 rum
220 1952 331 2013 regum,
346 1954 391 1990 res
404 1944 510 2010 gestas,
525 1951 592 1989 cum
606 1932 662 1991 tuis
676 1952 732 1991 nec
752 1934 968 1993 contentionum
988 1933 1132 2011 magnitu-

136 2016 218 2086 dine,
244 2032 299 2072 nec
320 2031 440 2069 numero
460 2011 633 2088 proeliorum,
655 2032 711 2069 nec
734 2014 872 2071 varietate
893 2013 1054 2089 regionum,
1073 2032 1131 2071 nec
1143 2013 1181 2067 2⁰

137 2094 291 2153 celeritate
318 2090 501 2161 conficiendi,
529 2110 585 2148 nee
611 2090 846 2149 dissimilitudine
871 2093 1022 2163 bellorum,
1047 2110 1131 2167 posse

136 2172 282 2232 conferri:
304 2190 360 2230 uec
386 2168 454 2228 vero
475 2168 715 2246 disjunctissimas
737 2179 829 2228 terras
852 2168 940 2229 citihs
960 2169 1131 2246 cujusquam

136 2253 272 2330 passibus
285 2250 410 2328 potuisse
431 2247 587 2326 peragrari,
602 2247 689 2323 qudm
712 2249 780 2321 tuis,
793 2269 852 2307 non
873 2249 970 2306 dicam
990 2247 1133 2320 cursibus,

138 2334 189 2390 sed
206 2331 345 2400 victoriis,
359 2329 485 2386 lustratae
499 2329 565 2386 sint.

176 2412 259 2473 Quae
286 2409 402 2484 quidem
429 2426 485 2484 ego
504 2406 560 2464 nisi
580 2405 622 2464 ita
641 2423 748 2484 magna
774 2425 838 2465 csse
858 2407 958 2478 fatear,
978 2416 1011 2463 ut
1030 2422 1066 2464 ea
1085 2402 1133 2464 vix
1145 2399 1183 2455 2³
1248 2464 1252 2472 ,

140 2491 314 2566 cujusquam
329 2507 410 2544 mens
425 2497 474 2544 aut
489 2485 625 2562 cogitatio
645 2505 750 2562 capere
762 2487 860 2563 possit,
876 2505 975 2544 amens
988 2485 1059 2542 sim:
1079 2483 1131 2542 sed

138 2579 239 2626 tamen
254 2577 322 2625 sunt
336 2566 392 2623 alia
406 2565 522 2641 majora.
564 2563 642 2622 Nam
658 2565 777 2624 bellicas
790 2565 891 2624 laudes
908 2565 1001 2623 solent
1014 2563 1132 2640 quidam

139 2659 299 2706 extenuare
325 2645 429 2716 verbis,
457 2662 563 2719 easque
585 2643 735 2702 detrahere
755 2645 889 2716 ducibus,
916 2642 1132 2702 communicare

140 2747 210 2785 cum
225 2726 332 2797 multis,
343 2744 380 2782 ne
394 2722 513 2800 propriae
524 2723 580 2780 sint
590 2721 799 2799 imperatorum.
841 2723 880 2781 Et
893 2723 983 2793 certe,
996 2723 1025 2780 in
1035 2722 1131 2793 armis,

140 2807 267 2864 militum
287 2805 386 2874 virtus,
400 2803 527 2861 locorum
547 2802 751 2877 opportunitas,
766 2802 873 2860 auxilia
893 2801 1046 2871 sociorum,
1060 2801 1133 2858 clas·
1145 2805 1182 2860 30
1285 2843 1291 2854 .

141 2905 197 2956 ses,
208 2893 395 2954 commeatus,
406 2879 529 2939 multdm
535 2881 652 2956 juvant:
673 2881 828 2938 maximam
842 2873 910 2937 vcrd
918 2890 1039 2955 partem,
1050 2877 1133 2953 quasi

141 2985 195 3021 suo
221 2963 295 3038 jure,
317 2961 445 3019 Fortuna
472 2960 526 3017 sibi
549 2959 692 3028 vindicat3
714 2969 753 3029 et,
772 2957 911 3033 quidquid
930 2966 974 3013 est
999 2953 1133 3030 prospere

143 3053 267 3120 gestum,
284 3042 313 3098 id
327 3038 402 3116 pond
417 3057 502 3097 omne
516 3038 597 3094 ducit
611 3055 704 3093 suum.

183 3123 227 3178 At
239 3119 306 3177 verd
322 3118 404 3194 hujus
418 3117 525 3194 gloria,
540 3117 575 3173 C.
590 3115 701 3183 Caesar,
715 3131 801 3188 quam
821 3131 853 3169 es
865 3107 952 3187 pauld
968 3107 1035 3166 antd
1051 3109 1135 3184 adep·

144 3207 201 3271 tus,
216 3201 326 3256 socium
350 3198 439 3254 habes
460 3195 615 3271 neminem.
664 3191 774 3250 Totum
798 3192 863 3262 hoc,
878 3197 1134 3265 quantumcunque
1147 3191 1183 3245 35

145 3289 197 3348 est,
221 3277 309 3351 (quod
330 3273 409 3334 certd
431 3273 588 3332 maximum
608 3273 665 3350 est)
694 3281 785 3328 totum
812 3279 865 3341 est,
893 3269 1021 3344 inquam,
1041 3275 1134 3324 tuum.

145 3356 226 3414 Nihil
242 3355 296 3413 sibi
310 3374 346 3413 ex
360 3355 414 3411 istri
428 3353 514 3410 laude
529 3351 669 3421 centurio,
684 3349 755 3408 nihil
769 3349 931 3426 praefectus,
941 3346 1012 3406 nihil
1022 3346 1134 3415 cohors,

145 3436 215 3493 nihil
230 3443 334 3505 turma,
349 3433 486 3509 decerpit.
526 3431 714 3492 Quinetiam
729 3429 778 3487 illa
798 3429 860 3505 ipsa
879 3445 976 3485 rerum
996 3426 1136 3482 humana·

145 3513 347 3584 rumdomina,
362 3511 501 3582 Fortuna,
511 3509 541 3567 in
550 3509 632 3567 istius
643 3529 673 3566 se
682 3509 850 3566 societatem
859 3505 956 3583 gloriae
966 3524 1023 3562 non
1032 3503 1115 3560 offert
1127 3520 1134 3558 :

147 3593 199 3649 tibi
213 3593 307 3650 cedit:
328 3601 408 3648 tuam
429 3609 493 3648 esse
513 3598 602 3647 totam
616 3599 645 3646 et
657 3587 800 3664 propriam
821 3586 935 3643 fatetur.
976 3581 1135 3656 Nunquam
1148 3581 1184 3636 to

147 3673 223 3729 enim
236 3670 383 3730 temeritas
398 3687 466 3726 cum
479 3668 620 3745 sapientia
634 3667 847 3736 commiscetur,
861 3683 918 3721 nec
932 3662 969 3718 ad
983 3659 1135 3719 consilium

148 3769 231 3807 casus
246 3749 413 3808 admittitur.

186 3829 243 3887 III.
278 3825 423 3886 Domuisti
445 3836 546 3902 gentes
574 3823 754 3881 immanitate
780 3821 928 3892 barbaras,
949 3818 1136 3876 multitudine

149 3907 380 3978 innumerabiles,
401 3905 472 3964 locis
493 3903 630 3975 infinitas,
650 3902 730 3960 omni
750 3901 897 3978 copiarum
918 3918 1025 3977 genere
1046 3899 1137 3956 abun·
1161 3939 1165 3943 -
