2775 4425
197 349 237 407 74
509 343 645 393 ORATIO
667 342 737 391 PRO
760 343 793 401 Q„
816 342 969 391 LIGARIO

249 486 317 557 bito,
334 486 402 561 quin
423 486 579 544 admiratus
605 486 654 557 sis,
675 486 719 544 vel
747 485 823 561 qubd
845 486 881 543 dc
900 486 980 544 nullo
1000 485 1057 543 alio
1076 486 1241 561 quisquam,

249 566 293 622 vel
318 566 393 639 quod
417 566 441 623 is
464 566 512 640 qui
538 566 567 623 in
590 567 693 623 eidem
714 566 803 622 causei
825 565 934 634 fixisset,
949 566 993 622 vel
1014 566 1150 638 quidnam
1171 566 1240 623 novi

250 644 385 702 facinoris
400 644 520 702 afferret.
563 645 666 701 Scelus
685 654 718 701 tu
732 644 803 701 illud
816 662 911 714 vocas,
926 643 1065 701 Tubero?
1087 644 1160 700 curt
1182 644 1242 701 isto

249 723 328 780 euim
348 724 464 781 nomine
485 723 534 781 illa
555 723 650 781 adhuc
671 742 761 781 causa
781 723 882 779 caruit.
923 722 985 779 Alii
1005 741 1129 780 errorem
1145 724 1240 798 appel-

214 799 325 871 5lant3
348 802 407 873 alii,
428 802 576 873 timorem3
605 802 654 876 qui
674 800 785 871 durius,
806 820 895 877 spem,
917 802 1113 877 cupiditatem,
1127 802 1238 871 odium,

248 880 456 956 pertinaciam3
478 881 527 955 qui
541 880 720 958 gravissime,
734 880 942 937 temeritatem:
963 880 1068 950 scelus,
1082 891 1184 955 praeter
1197 890 1238 951 te,

250 960 346 1017 adhuc
359 979 452 1018 nemo.
469 974 472 978 '
493 960 541 1017 Ac
554 960 625 1017 mihi
634 960 765 1033 quidem,
780 959 804 1016 si
817 959 961 1035 proprium
975 969 1004 1017 et
1018 977 1116 1015 verum
1132 978 1237 1016 nornen

250 1038 339 1095 nostri
366 1038 434 1096 mali
461 1049 613 1113 quaeratur,
642 1038 737 1095 fatalis
763 1038 894 1111 quaedam
921 1038 1071 1094 calamitas
1100 1038 1239 1095 incidisse

251 1117 371 1188 videtur,
402 1128 431 1174 et
462 1117 632 1192 improvidas
661 1116 809 1173 hominum
836 1127 947 1173 mentes
972 1117 1176 1192 occupavisse;
1206 1128 1240 1173 ut

201 1200 233 1252 10
251 1214 336 1253 nemo
355 1196 453 1253 mirari
474 1196 587 1267 debeat,
602 1197 729 1253 humana
742 1194 863 1253 consilia
877 1195 973 1251 divini
988 1196 1159 1252 necessitate
1174 1215 1238 1252 esse

251 1286 391 1349 superata.

291 1353 393 1412 Liceat
406 1373 469 1411 esse
484 1354 617 1411 miseros:
639 1371 813 1428 quanquam,
828 1353 883 1409 hoc
896 1352 1014 1423 victore,
1029 1372 1091 1409 esse
1105 1373 1161 1410 non
1175 1373 1239 1428 pos-

252 1452 358 1490 sumus.
401 1434 460 1490 Sed
480 1453 537 1491 non
558 1434 656 1507 loquor
676 1433 712 1489 de
733 1431 834 1489 nobis:
855 1432 891 1488 de
906 1432 962 1489 illis
974 1431 1084 1505 loquor,
1098 1433 1147 1505 qui
1160 1432 1239 1489 occi-

251 1512 363 1569 derunt.
408 1512 528 1569 Fuerint
556 1512 663 1587 cupidi,
692 1511 798 1568 fuerint
824 1510 899 1580 irati,
924 1510 1030 1567 fuerint
1055 1511 1236 1585 pertinaces:

202 1596 233 1647 15
251 1592 369 1648 sceleris
390 1590 457 1648 verb
479 1591 609 1661 crimine,
626 1590 737 1660 furoris,
750 1589 908 1665 parricidii,
922 1590 1010 1660 liccat
1030 1589 1085 1645 Cn.
1101 1590 1238 1664 Pompeio

252 1679 371 1739 mortuo,
392 1670 479 1726 liceat
500 1670 597 1725 multis
618 1668 691 1738 aliia,
713 1687 820 1725 carere.
861 1668 990 1729 Quando
1010 1669 1066 1724 hoc
1085 1669 1236 1742 quisquam

250 1768 287 1805 ex
306 1758 344 1817 te,
365 1748 473 1817 Caesar,
495 1746 624 1805 audivit?
650 1757 699 1803 aut
719 1758 769 1803 tua
789 1747 858 1820 quid
879 1747 957 1803 aliud
978 1766 1057 1803 arma
1077 1747 1236 1817 voluerunt,

251 1826 306 1882 nisi
329 1845 345 1882 a
365 1835 393 1881 te
414 1826 617 1882 contumeliam
644 1825 828 1901 propulsaret
859 1826 928 1900 quid
948 1826 1008 1902 egit
1034 1836 1100 1882 tuus
1127 1826 1175 1881 iile
1196 1826 1236 1883 in·

251 1904 343 1960 victus
373 1904 525 1974 exercitus,
554 1904 610 1962 nisi
640 1915 671 1961 ut
702 1924 786 1961 suum
812 1904 860 1980 jus
889 1915 1026 1975 tueretur,
1056 1914 1086 1961 et
1115 1905 1233 1979 dignita·

198 1992 233 2045 20
251 1992 309 2039 tem
335 1984 436 2039 tuam?
469 1983 575 2044 Quidt
605 1994 646 2054 tu,
675 1983 743 2042 cum
771 2002 873 2059 pacem
903 2003 965 2041 esse
995 1984 1141 2059 cupiebas,
1170 1984 1237 2039 idne

252 2061 367 2138 agebas
389 2071 421 2118 ut
440 2062 493 2120 tibi
520 2082 588 2119 cum
614 2064 772 2133 sceleratis,
794 2082 831 2119 an
857 2073 889 2120 ut
912 2082 979 2119 cum
1006 2062 1088 2120 bonis
1116 2062 1234 2131 civibus,

251 2142 438 2201 conveniret?

291 2221 366 2278 Mihi
387 2220 465 2293 verb,
480 2221 588 2293 Caesar,
603 2232 653 2280 tua
673 2222 704 2279 in
724 2242 771 2280 me
791 2222 916 2279 maxima
935 2222 1037 2279 merita
1057 2231 1137 2279 tanta
1157 2219 1235 2278 certe

251 2321 308 2358 uon
322 2301 496 2371 viderentur,
511 2301 605 2373 sime,
621 2312 652 2358 ut
665 2302 846 2371 sceleratum,
862 2311 921 2358 ate
939 2311 1137 2358 conservatum
1157 2310 1237 2376 puta·

197 2385 233 2436 25
251 2398 320 2436 rem.
361 2379 516 2440 Quomodo
537 2391 632 2438 autem
652 2391 684 2437 tu
704 2381 741 2438 de
761 2379 908 2455 republica
927 2380 1001 2436 bene
1017 2380 1134 2436 meritus
1148 2399 1235 2448 esses,

251 2458 275 2513 si
296 2466 337 2513 tot
357 2458 510 2516 sceleratos
531 2458 668 2515 incolumi
689 2460 829 2535 dignitate
849 2478 912 2515 esse
935 2459 1094 2516 voluisses?
1136 2459 1237 2516 Seces-

251 2535 360 2591 sionem
374 2544 404 2590 tu
419 2534 498 2592 illam
512 2537 718 2602 existimavisti,
733 2538 841 2607 Caesar,
856 2538 947 2608 initio,
962 2558 1019 2594 non
1033 2538 1157 2606 bellum3
1179 2557 1236 2593 non

252 2612 354 2668 hostile
379 2614 487 2684 odium,
509 2615 559 2672 sed
588 2615 672 2672 civile
699 2617 868 2685 dissidium;
900 2617 1027 2691 utrisque
1055 2616 1237 2692 cupientibus

251 2691 457 2766 rempublicam
478 2693 594 2764 salvam,
612 2695 662 2752 sed
681 2697 785 2770 partim
806 2695 942 2765 consiliio,
962 2695 1065 2771 partim
1086 2695 1198 2764 studim,
1220 2713 1237 2751 a

197 2781 234 2835 30
251 2771 397 2828 communi
425 2771 547 2830 utilitate
579 2773 785 2831 aberrantibus.
829 2773 996 2849 Principum
1023 2774 1149 2850 dignitas
1175 2783 1237 2830 crat

250 2846 323 2924 pene
345 2869 413 2924 par3
435 2871 491 2908 uon
511 2872 562 2927 par
583 2853 701 2909 sortasse
721 2871 829 2922 eorum,
849 2853 897 2926 qui
918 2853 1126 2926 sequebantur:
1148 2870 1237 2908 causa

251 2939 312 2984 tum
326 2929 423 3001 dubia,
438 2929 515 3008 quod
536 2941 597 2988 erat
619 2931 726 3006 aliquid
747 2931 776 2989 in
798 2932 918 3006 utrique
931 2942 1020 3007 parte,
1035 2931 1110 3004 quod
1124 2930 1236 3007 probari

249 3018 360 3082 posset.
382 3029 460 3067 nunc
475 3010 573 3068 melior
588 3009 666 3068 certe
681 3029 717 3067 ea
728 3010 886 3085 judicanda
905 3020 958 3080 est,
972 3028 1058 3085 quam
1078 3010 1164 3067 etiam
1186 3009 1236 3065 Dii

252 3086 429 3161 adjuverunt.
471 3087 595 3166 Cognita
609 3088 683 3158 ,verb
705 3089 859 3146 clementia
879 3088 939 3159 tud,
953 3089 1017 3163 quis
1030 3109 1087 3145 non
1102 3107 1166 3145 eam
1180 3088 1238 3144 vic-

198 3173 233 3226 35
251 3165 353 3222 toriam
367 3168 475 3242 probet,
491 3168 520 3224 in
535 3168 592 3241 qui
605 3167 746 3225 occiderit
758 3187 852 3238 nemo,
867 3167 923 3224 nisi
938 3169 1086 3224 armatus?

291 3242 361 3300 VII.
396 3245 464 3316 Sed,
480 3255 511 3301 ut
531 3245 659 3302 omittam
681 3265 862 3304 communem
883 3265 1011 3316 causam,
1032 3247 1180 3303 veniamus
1201 3245 1237 3302 ad

250 3333 384 3379 nostram.
427 3321 529 3380 Utrum
550 3325 667 3381 tandem
687 3325 834 3382 existimas
855 3325 968 3382 facilius
990 3325 1087 3395 fuisse,
1108 3325 1236 3394 Tubero,

252 3401 369 3476 Ligario
389 3421 424 3458 ex
444 3401 546 3458 Africis
568 3402 655 3473 exire,
678 3423 715 3460 an
735 3404 814 3462 vobis
834 3403 864 3461 in
886 3404 1016 3460 Africam
1038 3424 1095 3461 non
1115 3403 1237 3460 veniret

252 3481 466 3551 Poteramusne‚
486 3481 589 3555 inquis,
611 3480 679 3538 ciim
700 3492 816 3540 senatus
836 3483 1016 3540 censuisset?
1050 3483 1083 3539 Si
1105 3502 1150 3539 me
1170 3501 1239 3539 con-

201 3567 233 3619 to
252 3559 331 3629 sutis,
346 3559 425 3616 nullo
440 3560 530 3617 modo.
573 3561 631 3617 Sed
653 3571 749 3618 tamen
770 3560 919 3638 Ligarium
941 3573 1057 3618 senatus
1072 3562 1148 3618 idem
1162 3562 1239 3635 lega-

251 3649 337 3695 verat.
380 3639 477 3713 Atque
505 3639 552 3696 ille
579 3659 614 3697 eo
640 3649 766 3715 tempore
791 3641 895 3716 paruit,
917 3639 984 3697 crim
1005 3659 1105 3715 parere
1126 3640 1239 3696 senatui

252 3734 370 3772 necesse
391 3727 467 3774 erat:
489 3737 538 3774 vos
557 3728 617 3774 tum
637 3719 782 3793 paruistis,
803 3717 871 3775 crim
891 3719 985 3814 paruit
1005 3733 1099 3787 nemo,
1121 3720 1169 3792 qui
1190 3739 1240 3775 no-

252 3792 313 3847 luit.
356 3793 550 3868 Repreheudo
570 3797 676 3872 igitur?
705 3797 822 3854 minime
838 3817 922 3855 vero:
944 3817 1037 3871 neque
1058 3798 1135 3854 enim
1156 3798 1240 3859 licuit

253 3868 334 3924 aliter
355 3880 447 3928 vestro
473 3875 582 3947 generi,
604 3875 723 3944 nomini,
748 3875 873 3946 familiae,
894 3877 1061 3950 disciplina.
1103 3877 1162 3933 Sed
1183 3876 1240 3934 hoc
