2775 4425
188 386 229 444 76
488 380 624 430 ORATIO
645 380 716 429 PRO
737 380 771 439 Q.
793 380 954 430 LIGARIO.

235 522 394 583 venissetis.
436 524 564 582 Venistis
596 525 631 582 ad
665 524 841 601 Pompeium.
882 522 959 586 Quae
989 534 1033 581 est
1062 544 1131 601 ergo
1160 525 1225 583 brec

238 604 312 679 apud
340 604 485 661 Caesarem
506 603 631 679 querela,
654 601 721 660 cum
745 622 812 660 eum
835 603 988 673 accusatis,
1011 623 1027 661 a
1048 622 1104 678 quo
1124 623 1226 679 quera-

237 680 308 740 mini
323 701 370 739 vos
383 682 538 759 prohibitos
559 692 658 739 contra
678 682 824 738 Cesaram
842 682 948 739 bellum
963 684 1085 758 gererel
1127 683 1224 757 Atque

237 760 267 818 in
288 761 344 817 hoc
357 761 482 836 quidem,
497 760 540 817 vel
563 780 628 819 cum
650 760 803 817 mendacio
822 760 846 816 si
867 761 962 816 vultis·
972 760 1098 837 gloriari,
1112 781 1162 836 per
1176 780 1224 818 mc

205 838 316 909 5licet,
340 858 389 897 vos
408 839 584 915 provinciam
607 838 693 896 luisse
720 838 830 895 Caesari
860 839 1022 909 tradituros,
1045 839 1133 895 etiam
1157 840 1181 895 si
1206 859 1224 896 a

238 917 316 975 Varo
337 928 365 975 et
385 918 555 993 quibusdam
577 918 640 975 aliis
660 917 794 993 prohibiti
815 918 931 974 essetis:
953 936 1008 993 ego
1026 928 1122 974 autem
1135 918 1223 974 confi·

207 1016 212 1025 ·
238 996 317 1054 tebor
339 997 452 1073 culpam
472 1016 535 1054 esse
562 996 682 1074 Ligarii,
703 995 821 1071 quivos
843 1005 930 1053 tantae
956 995 1050 1053 laudis
1069 996 1221 1053 occasione

236 1074 396 1151 privaverit.

277 1152 331 1211 IX.
364 1153 423 1211 Sed
444 1153 518 1225 vide,
539 1172 644 1230 quaeso,
658 1152 693 1210 C.
709 1153 817 1224 Caesar,
839 1153 1029 1210 constantiam
1049 1153 1220 1210 ornatissimi

189 1236 223 1290 10
238 1232 300 1303 viri,
322 1232 355 1289 L.
377 1231 558 1290 Tuberonis:
586 1251 672 1307 quam
693 1252 757 1309 ego,
777 1232 907 1306 quamvis
927 1232 987 1307 ipse
1009 1232 1168 1307 probarem,
1190 1241 1222 1287 ut

236 1310 333 1387 probo,
347 1321 444 1369 tamen
464 1331 522 1368 non
543 1329 806 1381 commemorarem,
819 1309 876 1367 nisi
896 1329 913 1365 a
933 1321 961 1367 te
982 1311 1176 1386 cognovissem
1191 1310 1221 1366 iu

236 1389 335 1467 primis
349 1408 412 1447 eam
427 1389 560 1447 virtutem
574 1390 664 1446 solere
677 1389 797 1445 laudari.
837 1388 915 1449 Quae
929 1389 982 1445 fuit
996 1389 1081 1465 igitur
1096 1406 1221 1462 unquam

238 1468 267 1525 in
289 1469 347 1527 ullo
367 1468 481 1526 homine
501 1478 582 1525 tanta
602 1468 785 1525 coustantial
826 1468 1025 1525 Constantiam
1045 1467 1131 1523 dicol
1159 1486 1222 1523 nes-

238 1546 293 1619 cio,
310 1567 345 1605 an
360 1546 464 1605 melitis
476 1546 644 1623 patientiam
657 1546 763 1621 possim
777 1546 882 1603 dicere.
922 1545 1039 1606 Quotus
1052 1546 1129 1602 enim
1145 1545 1220 1601 istud

192 1624 223 1677 15
237 1625 356 1703 quisque
378 1626 503 1695 fecisset,
518 1635 559 1696 ut,
575 1644 592 1681 a
611 1625 715 1700 quibus
736 1625 765 1681 in
786 1625 963 1681 dissensione
984 1624 1061 1681 civili
1076 1644 1131 1681 non
1146 1634 1222 1681 esset

237 1699 369 1779 receptus
396 1714 526 1779 essetque
554 1702 641 1760 etiam
670 1722 737 1760 cum
765 1703 934 1761 crudelitate
960 1702 1093 1778 rejectus,
1116 1703 1151 1759 ad
1171 1722 1221 1759 eos

238 1782 312 1857 ipsos
326 1782 451 1838 rediretl
482 1780 584 1857 Magni
605 1781 755 1857 cujusdam
777 1782 874 1853 animi,
890 1793 974 1857 atque
993 1782 1055 1856 ejus
1067 1781 1121 1838 viri
1135 1790 1219 1851 esset,

236 1878 321 1933 quem
342 1859 378 1916 de
398 1859 531 1935 suscepti
552 1858 649 1931 causa,
671 1861 869 1937 propositaque
889 1861 1040 1931 sententia,
1054 1860 1134 1917 nulla
1154 1879 1220 1917 con·

236 1936 365 2007 tumelia,
380 1937 460 1993 nulla
474 1938 525 2008 vis,
540 1937 650 1994 nullum
663 1939 833 2014 periculum,
847 1950 941 2015 posset
955 1939 1104 2014 depellere.

186 2010 222 2067 20
277 2014 315 2073 Ut
326 2015 403 2073 enim
415 2026 519 2075 caetera
532 2017 612 2092 paria
626 2017 776 2075 Tuberoni
791 2037 858 2075 cum
872 2018 950 2076 Varo
964 2019 1099 2086 luissent3
1121 2018 1218 2088 honus,

237 2094 380 2165 nobilitas,
395 2096 536 2171 splendor,
552 2095 710 2175 ingenium,
729 2116 791 2171 quae
811 2098 991 2172 nequaquam
1013 2096 1143 2164 luerunt3
1165 2097 1220 2153 boc

237 2171 316 2232 certe
337 2174 513 2252 precipuum
533 2174 698 2234 Tuberonis
719 2175 781 2247 fuit,
796 2177 870 2252 quod
882 2175 959 2251 justo
972 2193 1038 2233 cum
1054 2175 1171 2252 irnperio
1184 2194 1220 2232 ex

237 2253 495 2312 senatus-consulto
515 2255 545 2312 in
565 2255 741 2330 provinciam
762 2275 843 2312 suam
863 2265 987 2312 venerat.
1029 2253 1109 2311 Hinc
1128 2255 1220 2330 prohi-

238 2331 322 2403 bitus,
344 2351 401 2390 uon
429 2333 465 2390 ad
493 2334 648 2404 Caesarem,
668 2353 706 2391 ne
731 2333 829 2404 iratus,
850 2353 907 2391 non
928 2334 1053 2404 domum,
1074 2353 1112 2390 nc
1133 2334 1218 2403 iners,

186 2407 222 2461 ‘25
236 2429 293 2467 non
321 2410 445 2485 aliquam
467 2411 495 2469 iu
517 2411 673 2487 regionem,
694 2431 732 2469 ne
760 2413 952 2470 condemnare
982 2431 1099 2468 causam
1130 2411 1218 2481 illam,

235 2506 321 2560 quam
336 2500 451 2544 secutus
465 2499 549 2558 esset,
564 2489 724 2560 videretur;
746 2489 775 2547 iu
791 2490 1003 2561 Macedoniam,
1018 2489 1053 2546 ad
1068 2489 1123 2547 Cn.
1139 2491 1219 2547 Pom·

235 2565 292 2640 peii
307 2577 401 2622 castra
415 2565 501 2635 venit,
517 2567 546 2623 in
567 2586 631 2623 eam
653 2568 743 2643 ipsam
764 2588 891 2640 causam,
907 2589 924 2626 a
943 2569 1000 2644 qud
1020 2579 1082 2626 erat
1096 2570 1218 2644 rejectus

236 2659 303 2698 cum
315 2643 427 2717 injuria.
461 2644 565 2705 Quidl
586 2643 653 2702 cum
666 2647 720 2704 ista
732 2667 776 2704 res
790 2647 859 2705 nihil
876 2649 1074 2705 commovisset
1087 2648 1149 2723 ejus
1160 2647 1219 2704 aui·

236 2737 324 2792 mum,
337 2721 372 2776 ad
383 2740 467 2796 quem
479 2723 636 2794 veneratis;
658 2725 836 2801 languidiore
848 2725 962 2805 (credo)
978 2727 1072 2783 studio
1087 2727 1116 2783 in
1130 2726 1217 2783 causa

186 2800 222 2854 30
237 2795 345 2856 fuistis:
366 2803 562 2860 tantummodo
583 2803 611 2859 in
631 2805 771 2878 praesidiis
790 2805 893 2875 eratis,
916 2804 1003 2862 animi
1018 2803 1085 2861 verb
1100 2823 1117 2861 a
1131 2804 1215 2862 causa

237 2876 443 2936 abhorrebant:
466 2899 512 2951 an,
527 2891 559 2937 ut
573 2882 604 2938 fit
618 2882 647 2939 in
662 2883 795 2939 civilibus
815 2883 906 2954 bellis,
921 2903 977 2940 nec
992 2883 1021 2940 in
1034 2883 1114 2940 vobis
1128 2884 1219 2960 magis

235 2953 320 3030 quam
340 2957 369 3014 in
391 2958 516 3034 reliquis,
530 2978 629 3017 omnes
644 2961 778 3018 vincendi
798 2962 892 3020 studio
911 2963 1100 3019 tenebamurl
1135 2962 1219 3018 Pacis

235 3035 368 3108 equidem
383 3056 493 3113 semper
508 3049 607 3095 auctor
622 3039 679 3095 fui:
701 3040 751 3096 sed
766 3050 826 3096 tum
840 3040 913 3097 serd.
948 3041 1019 3097 Erat
1032 3041 1109 3096 enim
1125 3059 1219 3096 amen-

235 3112 281 3184 tis,
301 3133 367 3171 cum
392 3116 484 3173 aciem
508 3117 628 3188 videres,
652 3136 753 3193 pacem
774 3119 909 3194 cogitare.
950 3119 1070 3189 OmneS,
1092 3118 1217 3194 inquam,

185 3197 221 3251 35
235 3191 350 3250 vincere
371 3193 551 3251 volebamus:
579 3206 609 3252 tu
631 3195 710 3252 certe
735 3195 889 3272 praecipue,
909 3198 958 3273 qui
980 3197 1009 3254 iu
1029 3217 1096 3254 eum
1123 3198 1218 3255 locum

234 3270 370 3341 venisses,
385 3271 434 3328 ubi
455 3271 507 3329 tibi
528 3283 603 3330 esset
619 3275 807 3348 pereundum,
822 3276 877 3332 nisi
891 3276 1024 3333 vicisses:
1045 3293 1218 3350 quanquam,

235 3357 266 3405 ut
280 3367 358 3405 nunc
372 3367 403 3405 se
417 3369 462 3406 res
477 3350 572 3423 habet,
588 3371 644 3409 non
658 3353 768 3424 dubito,
782 3354 851 3429 quin
872 3355 948 3411 hanc
968 3355 1089 3412 salutem
1106 3366 1219 3430 antepo-

234 3446 286 3484 nas
301 3426 342 3484 illi
356 3425 489 3485 victorias.

274 3505 313 3562 X.
345 3505 419 3563 Haec
439 3525 493 3582 ego
513 3526 569 3564 nou
590 3508 727 3580 dicerem,
742 3509 871 3583 Tuber0,
885 3512 909 3568 si
924 3521 973 3569 aut
987 3531 1035 3569 vos
1052 3510 1218 3569 constantiae

183 3587 219 3641 40
234 3593 343 3656 vestrae,
359 3594 408 3641 aut
428 3585 572 3642 Caesarem
591 3587 725 3644 beneficii
740 3589 794 3658 sui,
809 3591 967 3664 poeniteret.
1009 3590 1098 3647 Nunc
1112 3609 1217 3664 quaero,

233 3659 329 3718 utrum
358 3673 465 3720 vestras
496 3664 623 3739 injurias,
656 3685 691 3722 an
721 3667 896 3742 reipublicae‚
924 3669 1142 3745 persequamini.
1185 3669 1217 3724 Si

233 3739 407 3813 reipublice,
422 3742 490 3817 quid
511 3743 547 3800 de
568 3745 660 3801 vestra
679 3744 709 3801 in
728 3745 763 3801 ei
778 3747 865 3802 causa
879 3748 1089 3822 perseverantia
1104 3762 1218 3822 respon·

233 3816 358 3874 debitisl
386 3819 410 3875 si
431 3830 547 3891 vestras,
569 3823 672 3893 videte,
694 3841 731 3879 ne
751 3825 861 3895 erretis,
882 3826 930 3898 qui
951 3826 1097 3883 Caesarem
1117 3825 1218 3882 vestris

233 3892 359 3950 inimicia
372 3894 476 3952 iratum
491 3898 550 3955 fore
562 3901 677 3974 putetis,
692 3897 760 3958 calm
774 3901 913 3978 ignoverit
926 3903 994 3960 suis.
