2775 4425
218 391 273 448 148
529 387 664 436 ORATIO
688 385 725 435 ΙΝ
745 387 782 434 M.
799 385 1001 435 ANTONIUM.

262 549 340 587 mus:
361 529 429 604 quid
444 528 522 586 enim
536 539 580 586 est
594 529 672 586 aliud
697 529 859 586 Antoniust
900 528 988 598 Nam,
1002 527 1027 584 si
1048 526 1167 603 dignitas
1186 525 1235 602 sig-

262 609 428 666 nificaretur
454 608 482 665 in
505 607 632 678 nomine,
648 608 767 665 dixisset
790 606 904 686 (credo)
920 607 1073 681 aliquando
1094 625 1159 661 avus
1178 615 1236 660 tuus

262 705 292 744 se
307 693 365 743 “et
379 688 527 744 consulem
548 695 576 742 et
597 686 786 744 Antonium.’'
828 685 986 760 Nunquam
1001 683 1081 740 dixit.
1120 683 1233 739 Dixisset

261 766 349 823 etiam
363 765 475 842 collega
495 784 585 836 meus,
600 777 718 842 patruus
731 776 815 822 tuus:
837 765 892 821 nisi
906 777 936 821 tu
951 764 1029 821 solus
1048 782 1080 819 es
1093 762 1234 818 Antonius.

229 845 321 901 5Sed
341 843 442 902 omitto
461 863 497 900 ea
516 855 647 920 peccata,
668 863 732 919 quae
754 863 812 900 non
833 854 900 900 sunt
919 861 1018 900 earum
1040 840 1158 916 partium
1182 858 1234 913 pro

261 923 333 998 pria,
347 923 451 998 quibus
470 931 501 980 tu
522 922 729 997 rempublicam
752 922 904 978 vexavisti:
926 922 961 977 ad
979 921 1054 996 ipsas
1073 930 1134 975 tuas
1151 928 1236 992 partes

261 1002 358 1072 redeo,
374 1001 469 1071 idest,
485 1001 520 1058 ad
535 1000 619 1058 civile
642 1001 766 1070 bellum3
787 1001 861 1076 quod
884 1013 995 1070 natum,
1011 997 1170 1067 conflatum,
1183 1015 1235 1052 sus

262 1091 388 1155 ceptum,
402 1079 489 1156 operd
504 1079 553 1136 tud
567 1091 619 1136 est.

301 1158 420 1216 XXIX.
462 1159 522 1215 Cur
549 1159 575 1214 ei
604 1157 678 1215 bello
701 1154 782 1292 ¹[tum
809 1169 924 1233 propter
950 1155 1129 1213 timiditatem
1154 1163 1225 1209 tuam

215 1239 247 1292 10
262 1247 322 1295 tum
344 1247 457 1313 propter
479 1236 637 1316 libidines]
662 1237 698 1292 de
711 1235 799 1292 uistil
839 1237 980 1292 Gustaras
1002 1235 1113 1291 civilem
1133 1229 1237 1306 sangui-

263 1335 340 1384 nem,
355 1316 398 1373 vel
413 1313 508 1391 potilrs
522 1317 728 1372 exsorbucras:
750 1314 845 1371 fueras
859 1315 887 1370 in
903 1315 967 1370 acie
989 1310 1152 1370 Pharsalici
1167 1323 1236 1364 ante·

263 1395 420 1471 signanus:
442 1394 476 1452 L.
492 1394 660 1463 Domitium,
676 1392 885 1449 nobilissimum
899 1404 929 1448 et
943 1391 1131 1449 clarissimum
1147 1388 1237 1456 virum,

263 1473 429 1532 occideras:
452 1473 565 1544 multoe,
579 1472 628 1548 qui
649 1472 685 1527 de
705 1472 805 1546 proelio
825 1471 997 1547 effugerant,
1012 1489 1082 1545 quos
1096 1469 1197 1535 Caesar,
1212 1474 1238 1521 ut

264 1553 426 1623 nonnullos,
449 1552 567 1609 fortasse
589 1551 739 1621 servasset,
754 1549 1142 1626 crudelissimepersecutus
1161 1543 1238 1601 truci-

216 1631 249 1683 15
264 1631 357 1688 dairas.
398 1631 515 1692 Quibus
529 1631 614 1688 rebus
628 1630 725 1700 tantis,
740 1629 854 1699 talibuS‚
868 1628 967 1704 gestis,
982 1628 1050 1703 quid
1072 1625 1122 1684 suit
1143 1640 1237 1690 cause,

263 1730 316 1767 cur
344 1711 373 1766 in
399 1710 530 1766 Africam
551 1709 696 1766 Caesarem
723 1726 781 1764 non
810 1726 972 1782 sequerere,
1001 1704 1068 1764 crim
1094 1700 1238 1781 presertim

264 1787 330 1844 belli
345 1806 411 1862 pars
432 1798 511 1845 tanta
531 1788 673 1844 restaretl
715 1785 828 1861 ltaque,
843 1805 927 1861 quern
949 1787 1046 1843 locum
1069 1782 1140 1858 apud
1155 1781 1238 1855 ipsum

263 1866 418 1934 Caesarem,
433 1875 496 1940 post
517 1865 579 1941 ejus
600 1884 636 1922 ex
658 1863 760 1921 Africa
782 1865 916 1934 reditum,
930 1863 1102 1922 obtinuisti?
1122 1879 1175 1934 quo
1194 1876 1239 1913 nu·

262 1962 342 2000 mero
357 1943 454 2000 luistil
495 1943 587 2018 Cujus
600 1953 631 1999 tu
652 1943 831 2018 imperatoris
844 1954 966 2018 quaestor
983 1943 1089 2012 fueras,
1103 1935 1238 1995 dictatoris

213 2031 248 2086 20
263 2023 397 2098 magister
418 2022 555 2098 equiturn,
575 2021 642 2079 belli
661 2021 806 2099 princeps,
821 2023 1000 2079 crudelitatis
1025 2031 1131 2086 auctor,
1145 2014 1238 2092 prede

263 2103 368 2174 socius,
391 2113 562 2160 testamento
584 2099 630 2178 (ut
651 2101 711 2178 ipse
733 2101 864 2180 dicebas)
881 2101 965 2171 filius,
982 2099 1136 2176 appellatus
1158 2113 1187 2150 es
1207 2092 1238 2147 de

262 2181 397 2260 pecunia,
412 2201 496 2257 quarn
511 2201 561 2257 pro
575 2181 670 2252 domu,
684 2199 735 2257 pro
749 2180 847 2251 hortiS,
862 2200 913 2256 pro
926 2180 1067 2247 sectione,
1081 2174 1209 2233 debebas.

304 2260 400 2320 Primd
425 2260 595 2337 respondisti
622 2259 708 2336 planb
731 2260 880 2317 ferociter:
915 2270 944 2315 et
965 2258 1020 2335 (ne
1039 2256 1134 2315 omnia
1153 2251 1240 2308 videar

267 2350 367 2397 contra
390 2342 432 2417 te)
456 2340 659 2416 propemodum
675 2357 756 2414 equa
775 2349 805 2395 et
835 2338 907 2395 'usta
927 2338 1056 2394 dicebas.
1097 2335 1124 2391 A
1144 2349 1188 2388 me
1206 2327 1237 2384 C.

213 2423 249 2476 25
267 2418 365 2475 Caesar
388 2419 563 2493 pecuniam?
594 2438 646 2475 cur
669 2415 775 2493 potiris,
789 2436 875 2492 quam
890 2436 945 2493 ego
959 2416 995 2472 ab
1022 2416 1089 2473 illol
1128 2412 1173 2467 Au
1197 2407 1238 2463 ille

266 2496 329 2551 sine
352 2514 397 2551 me
410 2496 510 2553 'vicitl
531 2506 559 2551 at
582 2515 618 2552 ne
645 2496 737 2571 potuit
759 2496 883 2572 quidem.-
925 2495 988 2572 Ego
1016 2496 1052 2552 ad
1078 2493 1154 2550 illum
1180 2483 1238 2542 belli

267 2574 358 2630 civilis
389 2592 506 2630 oausam
534 2574 628 2631 attuli:
659 2594 714 2649 ego
740 2574 819 2649 leges
846 2575 1022 2650 perniciosas
1048 2570 1164 2648 rogarii
1191 2581 1239 2638 ego

267 2670 345 2707 arma
360 2662 461 2708 contra
474 2653 607 2709 consules
625 2652 867 2728 imperatoresque
880 2653 976 2728 populi
998 2650 1134 2719 Romani,
1149 2654 1239 2703 contra

266 2740 396 2785 senatum
416 2730 609 2805 populumque
631 2731 809 2802 Romanum,
824 2743 924 2789 contra
945 2730 1023 2788 Deos
1048 2729 1159 2807 patrios,
1173 2739 1240 2779 aras·

212 2824 247 2878 30
266 2826 321 2883 que
348 2818 377 2865 et
405 2809 492 2875 locos,
509 2820 609 2867 contra
635 2810 768 2886 patriam,
789 2811 851 2867 tuli.
893 2810 972 2867 Num
999 2810 1055 2866 sibi
1081 2806 1133 2865 soli
1158 2798 1239 2858 vicitl

264 2887 398 2948 Quorum
424 2888 536 2945 facinus
557 2899 601 2946 est
624 2908 787 2961 commune,
803 2908 855 2945 cur
882 2908 940 2946 non
968 2888 1004 2945 sit
1030 2905 1127 2945 eorum
1153 2877 1239 2957 preda

266 2966 448 3025 communisl
489 2968 543 3025 Jus
566 2969 748 3044 postulabas:
770 2968 821 3025 sed
845 2967 912 3043 quid
942 2967 978 3024 ad
1004 2967 1087 3024 reml
1112 2963 1173 3041 plus
1196 2956 1239 3014 ille

264 3056 384 3123 poterat.

306 3125 416 3200 Itaque,
431 3125 559 3183 excussis
574 3126 630 3183 tuis
644 3125 772 3195 vocibus,
786 3134 816 3183 et
840 3124 875 3181 ad
898 3134 926 3181 te
944 3133 973 3181 et
998 3124 1033 3181 ad
1054 3121 1160 3200 praedes
1172 3126 1238 3179 tuos,

212 3218 247 3271 35
265 3204 370 3261 milites
385 3204 481 3273 misit;
503 3202 580 3274 edm,
596 3204 715 3280 repente
731 3214 788 3261 ate
802 3202 940 3279 praeclard
955 3203 1003 3260 illd
1018 3201 1116 3260 tabule
1128 3190 1237 3273 protae,

265 3283 313 3359 qui
333 3283 407 3339 risus
429 3281 594 3341 hominurn!
622 3292 732 3350 tantam
745 3302 809 3339 esse
822 3282 966 3339 tabulam!
995 3291 1053 3338 tam
1074 3278 1172 3344 varias,
1185 3282 1237 3359 {³¹31

266 3361 370 3419 multas
391 3360 594 3437 possessiones,
608 3380 644 3418 ex
665 3361 770 3437 quibus
791 3372 893 3437 praeter
916 3369 1026 3436 partem
1049 3355 1161 3424 Miseni,
1175 3345 1237 3437 mllll

265 3449 336 3510 erat,
350 3440 425 3515 quod
441 3440 474 3510 is,
488 3439 536 3513 qui
552 3440 774 3511 auctionaretur,
789 3449 884 3515 posset
898 3458 981 3495 suum
996 3440 1102 3496 dicere.
1130 3434 1239 3490 Auclw·

265 3518 311 3575 nis
332 3516 398 3575 verb
420 3517 590 3575 miserabilis
612 3518 781 3593 adspectus:
814 3518 900 3575 vestis
921 3517 1051 3593 Pompeii
1071 3534 1127 3573 non
1148 3506 1236 3572 multa,

211 3608 247 3661 40
265 3616 355 3671 eaque
378 3598 544 3665 maculosa3
578 3596 708 3671 ejusdem
728 3598 859 3671 quaedam
882 3607 1019 3672 argentea
1038 3614 1106 3653 vasa
1132 3586 1236 3670 collisa)

265 3676 380 3732 sordida
394 3675 557 3751 mancipia;
580 3685 611 3731 ut
631 3675 793 3732 doleremus
805 3675 960 3751 quidquam
975 3694 1039 3732 esse
1052 3694 1088 3731 ex
1108 3670 1161 3728 illis
1182 3660 1238 3721 relr·

265 3754 349 3827 quiis,
363 3753 438 3827 quod
454 3753 549 3810 videre
564 3772 719 3829 possemus.
1075 3788 1078 3793 -

306 3829 394 3885 Hanc
414 3840 510 3887 tamen
533 3832 696 3888 auctionem
719 3831 847 3888 haeredes
867 3831 900 3888 L.
921 3830 1037 3902 Rubrii,
1052 3831 1164 3888 decreto
1183 3818 1238 3875 C&

266 3905 348 3973 saris,
361 3907 577 3978 prohibuerunt.
619 3909 756 3966 Haerebat
777 3910 902 3967 nebulo:
923 3908 1026 3985 quoae
1041 3913 1167 3974 verteret,
1186 3911 1236 3956 110ss
