2775 4425
403 383 540 435 ORATIO
562 383 599 434 IN
622 384 660 434 m.
674 381 887 456 'ANTONIUM.
1132 383 1190 444 129

530 704 760 787 ORATIO

320 940 393 1018 IN
437 941 506 1018 Μ.
559 941 975 1019 ANTONIUM.

189 1313 213 1372 1.
248 1313 390 1375 Quonam
415 1331 480 1372 meo
504 1313 573 1384 sato,
594 1313 694 1372 Patres
708 1314 884 1391 Conscripti,
898 1314 960 1372 heri
984 1314 1091 1385 dicam,
1109 1325 1141 1374 ut

149 1413 245 1464 nemo,
260 1393 305 1450 his
320 1392 528 1470 annisviginti,
543 1393 709 1470 reipublicae
724 1393 810 1451 suerit
830 1395 928 1464 hostis,
942 1394 991 1469 qui
1012 1414 1069 1452 non
1084 1394 1143 1452 bel·

150 1474 209 1530 lum
224 1473 326 1530 eodem
348 1481 475 1546 tempore
498 1473 567 1530 mihi
590 1491 704 1547 quoque
725 1472 882 1530 indixeritl
923 1472 990 1530 Nec
1004 1471 1071 1530 τετὸ
1092 1492 1142 1530 ne·

151 1571 233 1609 cesse
246 1563 290 1608 est
305 1570 322 1608 a
336 1570 381 1608 me
395 1571 558 1626 quenquam
583 1550 745 1609 nominari:
767 1551 914 1608 vobiscum
938 1551 990 1627 ipsi
1011 1552 1143 1609 recorda·

151 1631 231 1688 mini.
274 1629 349 1687 Mihi
363 1649 513 1706 pinnarum
528 1631 568 1688 illi
583 1629 658 1706 phis,
673 1629 760 1704 quam
780 1642 918 1706 optarem,
932 1631 1092 1700 dederunt;
1113 1641 1142 1688 te
1173 1634 1192 1688 5

151 1711 248 1780 miror,
264 1709 384 1779 Antoni,
399 1729 517 1784 quorum
535 1710 611 1767 lacta
635 1709 758 1779 imitere,
772 1729 871 1767 eorum
895 1711 989 1766 exitus
1009 1729 1066 1766 non
1081 1729 1143 1784 per·

151 1790 326 1848 horrescere.
368 1790 466 1862 Atque
477 1791 532 1846 hoc
544 1789 572 1846 iu
585 1789 648 1846 aliis
659 1788 756 1846 minda
769 1789 913 1846 mirabar:
935 1808 1020 1847 nemo
1029 1789 1142 1846 illorum

151 1869 289 1926 inimicus
303 1867 372 1924 mihi
388 1867 440 1924 suit
455 1868 648 1926 voluntarius:
669 1887 770 1925 omnes
784 1887 801 1924 a
815 1887 861 1926 me
872 1869 1037 1944 reipublicae
1051 1869 1142 1927 causa

150 1947 287 2004 lacessiti.
329 1945 389 2016 Tu,
404 1966 440 2004 ne
456 1948 541 2005 verbo
562 1948 677 2022 quidem
700 1947 829 2017 violatus,
845 1960 876 2004 ut
898 1948 1033 2005 audacior
1054 1948 1142 2022 quam

151 2027 185 2085 L.
201 2025 339 2097 Catilina,
356 2025 485 2084 furiosior
509 2025 594 2101 quim
612 2027 644 2083 l'.
660 2026 791 2096 Clodius,
805 2027 944 2096 viderere,
967 2027 1041 2084 ultro
1055 2028 1143 2084 male-
1158 2041 1192 2094 ιο

151 2105 238 2163 dictis
252 2125 299 2162 me
313 2105 472 2163 lacessisti:
493 2115 630 2182 tuamque
646 2124 662 2162 a
677 2125 723 2162 me
744 2104 946 2162 alienationem
960 2107 1144 2162 commenda·

151 2185 259 2244 tionem
274 2184 326 2243 tibi
342 2185 377 2243 ad
392 2185 471 2243 cives
485 2185 587 2261 impios
608 2184 667 2243 sore
681 2183 825 2260 putavisti.

189 2265 274 2327 Quid
295 2266 415 2341 puteml
446 2276 680 2341 contemptumne
711 2265 779 2320 mel
820 2262 887 2320 Non
916 2262 1008 2333 video,
1036 2262 1143 2320 necin

151 2345 220 2415 vita,
235 2364 292 2402 nec
306 2344 335 2401 in
350 2344 453 2420 gratid,
468 2364 523 2402 nec
538 2345 567 2401 in
582 2344 668 2401 rebus
692 2342 791 2420 gestis,
806 2362 862 2400 nec
885 2342 915 2399 in
930 2343 986 2399 hac
1000 2342 1065 2399 merl
1086 2361 1144 2399 me·

151 2424 303 2481 diocritate
331 2423 450 2499 ingenii,
477 2424 546 2498 quid
567 2422 716 2499 despicere
739 2422 827 2497 P⁰⁸³it
848 2422 1000 2479 Antonius.
1043 2423 1092 2479 An
1114 2420 1143 2479 in
1160 2430 1194 2484 15

151 2514 253 2561 senatu
270 2500 406 2559 facillime
422 2504 458 2560 de
473 2522 519 2561 me
532 2503 644 2560 detrahi
665 2521 748 2577 posse
769 2502 912 2559 crediditl
933 2502 982 2576 qui
1002 2502 1072 2560 ordo
1086 2500 1144 2559 cla·

151 2582 274 2640 rissimis
287 2581 399 2639 civibus
423 2583 496 2639 hene
520 2594 607 2659 gestae
629 2582 794 2658 reipublicae
818 2582 1013 2639 testimonium
1035 2582 1142 2653 multis,

151 2662 222 2718 mihi
245 2660 295 2718 uni
324 2674 508 2732 conservata,
529 2662 616 2719 dedit.
666 2662 715 2719 An
736 2661 886 2720 decertare
912 2680 1028 2719 mecum
1055 2662 1144 2720 voluit

152 2740 337 2799 contentione
367 2740 504 2799 dicendil
538 2742 593 2799 hoc
623 2742 740 2815 quidem
768 2740 942 2799 beneficium
976 2753 1038 2797 est:
1073 2741 1144 2815 quid

152 2820 230 2878 enim
245 2819 367 2894 plenius,
382 2820 451 2894 quid
466 2820 592 2890 uberius,
617 2819 704 2895 quam
727 2821 798 2877 mihi
812 2832 842 2878 et
865 2840 915 2895 pro
929 2838 985 2889 me,
1000 2831 1029 2875 et
1043 2832 1144 2876 contra
1158 2826 1194 2879 20

153 2898 324 2970 Antonium,
339 2898 459 2956 dicerel
500 2898 576 2956 lllud
592 2898 719 2975 profecti)
733 2910 796 2957 est.
818 2918 875 2956 non
899 2898 1084 2968 existimavit,
1099 2897 1144 2953 sui

152 2978 296 3036 similibus
309 2977 423 3053 probari
437 2998 528 3067 posse,
543 2998 574 3036 se
588 2999 651 3037 esse
666 2980 776 3036 hostem
790 2977 899 3053 patriar,
915 2976 970 3031 nisi
962 2974 1055 3031 mihi
1069 2985 1146 3032 esset

153 3057 297 3116 inimicus.
340 3056 396 3114 Cui
417 3058 496 3133 prius
509 3076 596 3132 quam
620 3058 657 3115 de
681 3056 794 3113 caeteris
814 3054 900 3111 rebus
920 3054 1088 3127 respondeo,
1109 3054 1146 3110 de

154 3136 293 3206 amicitia,
308 3155 394 3210 quam
410 3156 426 3194 a
442 3156 486 3194 me
500 3137 634 3195 violatam
649 3154 713 3193 esse
727 3134 897 3191 criminatus
918 3142 971 3203 est,
988 3131 1078 3208 (quod
1091 3152 1147 3209 ego

153 3215 354 3293 gravissimum
368 3216 478 3275 crimen
490 3216 601 3295 judico)
617 3224 713 3291 pauca
727 3213 832 3270 dicam.
1160 3214 1196 3266 25

193 3293 234 3351 11.
270 3294 380 3352 Contra
394 3314 454 3352 rem
475 3314 556 3352 suam
578 3314 634 3366 me,
650 3293 750 3352 nescio
763 3292 887 3367 quando,
902 3292 1016 3350 venisse
1029 3299 1147 3380 questus

153 3384 205 3431 est.
248 3373 296 3430 An
319 3392 373 3451 ego
394 3394 451 3431 non
474 3374 600 3431 venirem
623 3386 724 3433 contra
744 3372 870 3430 alienum
890 3392 943 3448 pro
964 3369 1097 3429 familiari
1118 3379 1148 3427 et

154 3453 318 3510 necessario
341 3454 427 3509 nreol
448 3473 505 3511 non
527 3454 653 3511 venirem
677 3462 777 3511 contra
799 3452 932 3543 gratiam,
957 3470 1014 3508 non
1035 3448 1148 3506 virtutis

153 3550 214 3607 spe,
229 3531 279 3588 sed
295 3531 386 3589 aetatis
401 3531 480 3604 flore,
492 3532 666 3591 collectaml
687 3553 745 3589 non
755 3532 883 3589 venirem
893 3540 993 3588 contra
1004 3528 1147 3604 injuriam,

154 3630 241 3685 quam
269 3610 322 3667 iste
351 3612 548 3669 intercessoris
579 3611 757 3685 iniquissimi
772 3610 915 3667 beneficio
935 3608 1069 3676 obtinuit,
1090 3627 1147 3663 non
1162 3619 1198 3675 30

150 3689 216 3765 jure
236 3689 388 3764 pretorio?
431 3691 490 3747 Sed
506 3693 560 3749 hoc
584 3690 693 3747 idcirco
716 3700 971 3747 commemoratum
996 3698 1054 3743 ate
1068 3697 1147 3759 puto,

155 3779 184 3825 ut
199 3778 227 3824 te
243 3767 341 3825 infimo
354 3769 447 3827 ordini
463 3770 690 3838 commendares,
706 3768 774 3827 ciam
798 3780 828 3825 te
841 3786 941 3824 omnes
964 3766 1148 3822 recordaren-

154 3857 199 3903 tur
212 3847 340 3905 libertini
355 3868 505 3925 generum,
520 3860 549 3908 et
562 3850 667 3906 liberos
681 3858 746 3906 tuos
759 3858 878 3923 nepotes
897 3844 938 3907 Q.
954 3844 1049 3917 Fadii,
1064 3844 1149 3903 liber-

153 3926 207 3993 tini
228 3925 363 3999 hominis,
379 3927 475 3986 luisse.
