2775 4425
481 264 494 298 b

367 376 504 426 ORATIO
526 374 596 425 PRO
619 376 718 427 REGE
740 374 934 427 buleutae.
1151 374 1193 435 79

149 520 294 589 dubitare,
308 518 365 577 Gai
378 520 487 593 Caesar,
502 520 625 577 similem
640 520 680 578 illi
694 518 792 597 glorie
805 520 921 578 laudem
941 516 1028 595 quim
1048 517 1142 595 sepis·

149 600 223 656 sime
237 618 375 673 quaerere.
418 597 498 656 Nihil
513 609 556 655 est
570 598 647 656 enim
662 610 721 655 tam
742 598 988 675 pepercerimus
1012 598 1141 655 bonitas:

151 677 232 735 nulla
245 679 282 734 de
298 677 449 734 virtutibus
463 678 520 734 tuis
533 677 663 752 plurimis
676 696 733 735 nec
754 678 947 735 admirabilior
966 696 1022 735 nec
1036 676 1142 754 gratior

151 756 351 813 misericordia
366 766 417 813 est.
460 754 601 813 Homines
615 754 692 813 enim
715 755 751 813 ad
774 754 852 813 Deos
873 755 952 813 nulli
975 774 1007 814 re
1047 752 1143 831 ropiris

154 834 309 905 accedunt,
323 834 410 909 quim
424 834 546 891 salutem
560 833 842 890 hominibusdando.
883 833 965 892 Nibil
987 834 1025 891 ha
1062 844 1143 891 tneo
1173 835 1192 888 5

154 913 269 969 fortuna
283 923 331 968 tua
346 912 438 986 majus
450 910 536 1046 quim
551 921 582 969 ut
592 912 691 988 possis,
701 930 757 969 nee
766 921 870 969 natura
882 920 933 969 tua
945 910 1143 986 meliusqulm

154 1001 186 1047 ut
201 990 281 1060 velis,
296 1009 409 1047 serrare
422 1008 459 1065 qu
480 990 661 1065 mplurimos.
704 990 876 1067 longiorem
888 990 1144 1048 orationemeausa

155 1069 274 1125 forsitan
298 1069 430 1143 postulat,
445 1080 495 1125 tua
516 1068 595 1125 certe
617 1078 721 1125 natura
741 1068 907 1126 breviorem.
946 1067 1060 1138 Quare,
1075 1066 1143 1125 edm

154 1146 254 1203 utilius
268 1166 330 1203 esse
345 1145 475 1215 arbitrer,
489 1155 519 1203 te
533 1146 635 1223 ipsum,
650 1144 736 1221 quim
763 1156 812 1203 aut
832 1165 880 1204 me
901 1157 951 1204 aut
969 1165 1143 1223 quenquam,

154 1225 232 1297 loqui
248 1236 355 1295 tecum,
370 1224 455 1281 linem
468 1225 526 1300 jam
542 1224 663 1282 faciam:
685 1223 797 1282 tantum
811 1234 841 1283 te
861 1225 953 1301 ipsum
975 1226 1144 1295 admonebo,
1160 1222 1195 1277 10

154 1302 179 1437 ll
205 1302 245 1358 illi
269 1303 379 1360 absenti
402 1303 524 1360 salutem
546 1303 670 1374 dederis,
691 1304 880 1380 presentibus
900 1304 945 1361 his
962 1304 1097 1362 omnibus
1115 1315 1145 1361 te

178 1392 300 1437 aturum.

536 1780 767 1863 ORATIO

259 1994 390 2069 PRO
435 1994 617 2071 REGE
659 1995 1041 2071 DEIOTARO.

197 2329 222 2387 l.
257 2330 339 2402 Cum,
354 2330 384 2388 in
397 2330 531 2388 omnibus
554 2330 650 2389 causis
672 2328 859 2408 gravioribus,
874 2329 929 2389 Oai
943 2329 1053 2401 Cesar,
1067 2328 1150 2389 initio

157 2407 277 2466 dicendi
304 2409 474 2467 commoveri
506 2410 613 2468 soleam
640 2405 840 2468 vehementius
864 2407 951 2486 qulm
972 2409 1083 2467 ridetur
1102 2408 1147 2466 rel

158 2505 228 2544 usus
243 2487 285 2544 rel
300 2498 369 2544 aetas
383 2507 448 2545 mea
461 2489 622 2565 postularc;
643 2500 705 2546 tum
720 2487 750 2545 in
765 2488 820 2546 hac
834 2490 923 2547 causi
944 2489 984 2546 ita
998 2507 1045 2546 me
1057 2488 1147 2546 multa
1161 2485 1196 2538 15

156 2567 336 2641 perturbant,
351 2577 392 2636 ut,
406 2578 545 2642 quantum
559 2585 624 2625 mea
638 2567 709 2624 fides
722 2567 809 2625 studii
823 2569 894 2626 mihi
909 2568 1009 2626 efferat
1023 2567 1059 2624 ad
1073 2567 1148 2624 salu-

68 2663 72 2670 ·
157 2655 217 2700 tem
233 2645 309 2720 regis
323 2641 453 2702 Deiotari
466 2645 687 2717 defendendam,
701 2656 813 2703 tantum
837 2647 982 2706 facultatis
995 2647 1080 2705 timor
1100 2647 1148 2704 de-

157 2721 261 2778 trahat.
316 2721 456 2794 Primum,
483 2723 549 2781 dico
568 2743 619 2799 pro
639 2725 733 2800 capite
753 2725 929 2802 fortunisque
955 2727 1050 2802 regis:
1072 2724 1147 2799 quod

158 2800 252 2876 ipsum
267 2801 320 2858 etsi
335 2820 392 2858 non
406 2801 536 2876 iniquum
550 2812 603 2873 est,
618 2801 648 2860 in
671 2812 721 2861 tuo
734 2804 872 2862 duntaxat
884 2805 1029 2881 perieulo;
1049 2813 1147 2860 tamen

158 2890 203 2935 est
217 2879 257 2936 ita
272 2878 449 2950 inusitatum,
464 2899 562 2956 regem
576 2880 678 2956 capitis
691 2901 773 2939 reum
787 2901 860 2952 esse,
874 2893 987 2939 utente
1007 2881 1063 2938 boc
1076 2892 1147 2937 tem·
1160 2886 1197 2938 20

157 2975 214 3033 pus
234 2977 291 3015 non
311 2957 349 3014 sit
369 2957 507 3015 auditum.
558 2959 683 3030 Deinde,
702 2977 771 3016 eum
798 2978 907 3034 regem,
934 2976 1019 3033 quem
1045 2975 1149 3014 ornare

160 3045 246 3092 antea
260 3046 367 3093 cuncto
381 3055 448 3093 cum
463 3047 564 3094 senatu
578 3038 716 3106 solebam,
729 3055 781 3111 pro
801 3035 946 3111 perpetuis
965 3035 1029 3109 ejus
1042 3034 1071 3091 in
1086 3053 1149 3091 nos-

159 3124 234 3170 tram
248 3114 455 3190 rempublicam
470 3115 589 3187 mcritis,
598 3133 688 3184 nunc,
698 3123 799 3170 contra
809 3113 1019 3170 atrocissimum
1028 3111 1148 3183 crimen,

159 3210 247 3268 cogor
261 3191 424 3251 defendere.
467 3193 604 3266 Accedit,
619 3203 651 3250 ut
675 3203 874 3250 accusatorum
897 3191 1014 3248 alterius
1027 3189 1151 3248 crudeli-

158 3280 229 3341 tate,
252 3271 368 3328 alteriua
390 3271 570 3348 indignitate,
599 3271 761 3330 conturber.
802 3269 958 3329 Crudelem
979 3269 1147 3328 Castorem!
1162 3270 1198 3322 25

159 3369 198 3406 ne
212 3349 308 3406 dicam
323 3350 496 3407 sceleratum
510 3361 540 3407 et
554 3351 689 3427 impium3
711 3349 760 3424 qui
782 3369 870 3426 nepos
892 3367 975 3405 avum
999 3349 1030 3406 in
1050 3347 1151 3404 discri-

156 3445 227 3484 men
242 3426 345 3502 capitis
359 3428 519 3499 adduxerit,
535 3428 792 3503 adolescentiaeque
812 3447 871 3485 suae
890 3437 1028 3485 terrorem
1049 3425 1151 3483 intule-

158 3505 197 3563 rit
217 3504 244 3562 ei
266 3505 348 3580 cujus
368 3517 547 3564 senectutem
568 3507 642 3565 tueri
662 3517 692 3564 et
710 3519 808 3585 tegere
828 3506 968 3575 debebat3
1007 3520 1151 3563 commen·

159 3583 363 3658 elationemque
378 3585 505 3642 ineuntis
519 3587 610 3658 artatis
625 3587 660 3642 ab
674 3585 820 3662 impietate
844 3595 873 3642 et
896 3584 1005 3642 scelere
1019 3581 1132 3639 duxerit
1140 3601 1148 3652 3

160 3661 206 3718 ari
227 3681 351 3734 serrum,
379 3676 544 3740 corruptum
567 3665 701 3741 premiis,
723 3665 759 3721 ad
787 3663 981 3721 accusandum
1003 3660 1150 3719 dominum
1163 3659 1199 3714 ³0

160 3740 315 3816 impulerit,
339 3751 369 3798 et
392 3760 408 3799 a
430 3742 588 3818 legatorum
612 3743 733 3818 pedibus
754 3741 912 3798 abduxerit.
954 3739 1081 3817 Fugitivi
1103 3759 1151 3797 au-

159 3829 229 3888 tem,
244 3818 393 3876 dominum
406 3821 579 3892 accusantis,
591 3821 776 3878 etdominum
791 3819 949 3890 absentem,
963 3829 992 3876 et
1002 3818 1150 3876 dominum

161 3897 368 3955 amicissimum
383 3910 486 3956 nostrae
500 3899 675 3976 reipublicae,
691 3897 759 3956 crim
772 3917 805 3955 cs
824 3896 967 3970 ridebam,
981 3895 1049 3956 erim
1064 3898 1151 3956 rerba
