2775 4425
176 351 234 410 1'26
423 353 560 402 ORATIO
584 352 652 403 PRO
673 353 705 402 T.
728 351 842 402 ANNIO
863 352 1014 402 MILONE.

222 508 250 556 te
260 498 276 524 ’'
294 496 423 574 (mecum
437 497 515 554 enim
530 496 686 572 sepissime
700 495 838 574 loquitur)
864 503 882 529 “
892 497 991 572 patriae
1012 496 1212 568 reddidissem,

222 576 305 634 mihi'
321 576 447 632 futurum
475 575 504 633 in
526 577 617 652 patriai
647 595 704 632 uon
724 587 853 651 putarem
881 575 999 632 locuml
1049 575 1106 634 Ubi
1133 594 1213 634 nune

221 665 338 713 senatus
358 665 412 725 est,
434 674 519 729 quem
540 655 633 714 secuti
658 655 777 711 sumusl
806 653 855 711 ubi
882 654 992 729 equites
1013 654 1139 712 Romani
1160 654 1212 725 illi,

222 735 263 793 illi
277 735 293 761 '³
317 733 437 812 (inquit)
461 741 479 766 “
493 734 556 790 tuil
578 733 627 791 ubi
653 734 749 790 studia
772 733 1014 808 municipioruml
1044 734 1093 790 ubi
1118 733 1212 791 ltaliae

191 814 325 872 ‘ivocesl
346 813 396 870 ubi
411 814 536 888 denique
558 823 617 884 tua,
635 812 683 870 M:
693 812 785 883 Tulli,
799 831 863 887 quae
883 811 1015 887 plurimis
1029 813 1082 869 suit
1096 813 1212 883 auxilio,

220 913 273 950 vox
288 903 316 950 et
330 893 479 950 delensiol
500 892 609 950 mihine
625 911 660 950 ea
682 892 745 962 soli,
770 891 818 966 qui
838 911 889 968 pro
909 901 939 948 te
961 891 1044 950 toties
1068 892 1151 949 morti
1167 911 1212 949 me

219 973 319 1038 obtuli.
340 973 409 1032 nihil
422 983 513 1049 potest
526 973 657 1048 opitulari
668 976 707 1028 'l.'’

260 1052 390 1111 XXXV.
425 1051 491 1109 Nec
505 1050 572 1110 verb
593 1053 664 1122 haec,
686 1050 810 1126 judices,
825 1060 856 1106 ut
879 1069 933 1126 ego
954 1070 1043 1120 nunc,
1058 1049 1139 1122 flens,
1160 1052 1212 1108 sed

222 1133 276 1190 hoc
290 1133 391 1190 eodem
405 1130 529 1206 loquitur
544 1130 623 1187 vultu
626 1150 705 1205 ,quo
725 1129 835 1187 videtis.
876 1128 975 1205 Negat
998 1129 1086 1200 enim,
1100 1150 1142 1201 se,
1163 1151 1212 1188 ne·

174 1225 208 1278 10
222 1222 280 1288 gat,
296 1211 415 1288 ingratis
436 1211 547 1267 civibus
568 1210 681 1281 fecisse,
703 1228 767 1284 quae
788 1208 905 1266 lecerit:
927 1209 1044 1278 timidis,
1065 1220 1095 1266 et
1112 1210 1211 1267 omnia
1239 1216 1244 1222 “

222 1289 522 1365 circumspicientibus
535 1289 674 1364 pericula,
690 1308 747 1346 non
762 1298 857 1364 negat.
900 1287 1018 1346 Plebem
1039 1299 1067 1345 et
1082 1289 1210 1345 intimam

222 1369 446 1439 multitudinem,
461 1387 534 1443 qum,
550 1369 581 1426 P.
597 1368 701 1426 Clodio
723 1367 808 1437 duce,
823 1367 944 1424 fortunis
965 1367 1067 1424 vestris
1081 1367 1212 1425 immine·

223 1450 281 1521 bat,
296 1467 370 1518 eam,
384 1445 441 1524 qud
456 1447 543 1504 tutior
564 1457 639 1505 esset
662 1447 721 1504 vita
742 1457 848 1516 nostra,
864 1465 945 1502 suam
966 1466 998 1503 se
1012 1447 1114 1504 fecisse
1135 1467 1211 1504 com-

221 1539 377 1598 memorat;
399 1541 508 1584 utnon
530 1525 615 1584 modb
637 1527 741 1584 virtute
763 1525 901 1595 flecteret,
929 1526 980 1582 sed
1007 1525 1094 1582 etiam
1118 1527 1211 1584 tribus

174 1617 208 1678 15
222 1608 281 1666 suis
293 1606 472 1684 patrimoniis
482 1605 638 1664 deleniret.
660 1625 716 1662 nec
730 1605 821 1674 timet,
831 1623 877 1674 ne,
889 1623 957 1661 cum
966 1604 1077 1680 plebem
1087 1607 1212 1664 muneri·

222 1688 275 1744 bus
288 1686 419 1764 plactlrit,
434 1705 482 1742 vos
496 1704 552 1742 non
568 1684 731 1742 conciliarit
759 1683 868 1740 meritis
883 1683 912 1740 in
927 1684 1176 1759 rempublicam
1154 1705 1210 1742 sm-

220 1765 376 1856 gularibus.
420 1763 545 1821 Senatus
568 1783 638 1839 erga
661 1783 692 1820 se
722 1761 949 1820 benevolentiam
969 1763 1144 1838 temporibus
1165 1765 1211 1821 his

221 1863 289 1920 ipsis
299 1861 373 1918 saepe
387 1862 450 1899 esse
473 1852 671 1917 perspectam,
694 1852 802 1898 vestras
823 1840 890 1898 verb
911 1851 940 1899 et
960 1852 1117 1899 vestrorum
1136 1844 1211 1901 ordi·

219 1940 290 1980 num
309 1921 533 1990 occursatioues,
557 1920 662 1991 studia,
687 1940 843 1991 sermones,
867 1939 1070 1996 quemcunque
1091 1941 1208 1979 cursum

170 2007 206 2060 20
222 2001 333 2059 fortuna
347 2000 468 2072 dederit,
483 2019 582 2056 secum
597 2019 627 2058 se
642 2000 804 2058 ablaturum
817 2019 891 2071 esse,
906 1999 985 2057 dicit.

259 2079 395 2138 Meminit
409 2080 507 2151 etiam,
522 2078 576 2136 sibi
591 2098 690 2137 vocem
704 2079 844 2174 praeconis
867 2077 952 2136 modd
966 2077 1102 2150 defuisse,
1123 2099 1209 2154 quam

220 2158 339 2219 minime
368 2158 556 2231 desiderarit;
586 2158 681 2236 populi
710 2156 778 2217 verti
799 2159 913 2218 cunctis
936 2157 1090 2236 suffragiis,
1119 2159 1209 2250 (quod

220 2260 310 2299 unum
327 2240 462 2319 cupierit)
488 2259 520 2297 se
543 2239 689 2298 consulem
711 2238 907 2309 declaratum3
929 2258 1008 2296 nuuc
1028 2239 1163 2329 denique,
1184 2239 1209 2297 si

220 2321 283 2379 haec
307 2340 386 2378 arma
408 2330 509 2378 contra
522 2339 553 2377 se
573 2318 631 2376 sint
653 2318 758 2387 futura,
772 2317 827 2374 sibi
850 2282 985 2376 facinoris
1006 2318 1209 2413 suspicionem,
1284 2321 1290 2339 '

169 2406 205 2459 25
220 2420 276 2458 non
292 2400 361 2457 lacti
375 2400 496 2469 crimen,
510 2400 632 2456 obstare.
675 2363 767 2455 Addit
787 2398 859 2468 lraec,
873 2416 936 2472 quae
957 2395 1036 2456 certe
1051 2416 1118 2455 vera
1132 2408 1208 2469 sunt,

220 2480 306 2536 fortes
319 2490 348 2535 et
362 2478 506 2554 sapientes
520 2477 593 2533 viros
617 2487 748 2535 nontam
771 2476 887 2552 praemia
911 2477 993 2551 sequi
1016 2475 1107 2534 solere
1127 2476 1207 2534 recte

219 2556 370 2627 factorum,
385 2554 480 2630 qudm¹
496 2555 557 2631 ipsa
579 2554 658 2612 recte
679 2555 772 2613 facta:
794 2575 825 2613 se
846 2555 917 2613 nihil
939 2556 968 2613 in
982 2555 1050 2627 vitai,
1064 2555 1120 2612 nisi
1139 2576 1208 2633 prm·
1267 2567 1270 2571 ⁴

219 2633 388 2705 clarissime,
404 2634 522 2704 secisse3
545 2634 685 2709 siquidem
700 2634 771 2693 nihil
786 2634 823 2691 sit
836 2635 1025 2711 prestabilius
1038 2635 1106 2705 viro,
1122 2634 1207 2710 quarn

217 2713 354 2789 periculis
367 2714 490 2788 patriam
504 2714 628 2771 liberare
642 2733 648 2771 :
670 2713 770 2773 beatos
783 2732 856 2785 esse,
870 2715 974 2789 quibus
990 2733 1026 2771 ea
1048 2734 1094 2771 res
1108 2715 1208 2773 honori

168 2795 204 2849 30
220 2792 305 2849 luerit
329 2810 346 2849 a
367 2792 427 2851 suis
451 2792 579 2863 civibus3
601 2812 656 2851 nec
679 2803 776 2851 tamen
790 2812 840 2851 eos
859 2794 988 2863 miseros,
1002 2794 1052 2869 qui
1067 2794 1209 2852 beneficio

219 2872 297 2929 cives
311 2891 377 2930 suos
390 2872 529 2930 vicerint:
550 2873 600 2930 sed
615 2883 723 2943 tamen,
737 2892 773 2929 ex
794 2871 930 2930 omnibus
942 2872 1066 2948 premiis
1085 2872 1207 2945 virtutis,

219 2952 243 3008 si
265 2963 340 3010 esset
365 2952 498 3009 habenda
518 2951 591 3010 ratio
610 2952 802 3028 praemiorum,
825 2951 1032 3028 amplissimum
1055 2968 1118 3009 esse
1137 2971 1208 3028 prae-

218 3032 308 3088 mium
323 3032 462 3108 gloriam:
484 3051 547 3089 esse
571 3030 647 3089 hanc
671 3049 769 3100 unam,
784 3051 847 3105 quae
871 3031 1037 3087 brevitatem
1060 3030 1124 3087 vitae
1145 3050 1208 3107 pos-

218 3112 341 3169 teritatis
370 3111 506 3169 memorial
536 3110 747 3169 consolaretur:
769 3129 832 3184 quae
862 3110 999 3180 efficeret,
1022 3119 1054 3166 ut
1075 3110 1207 3167 absentes

168 3194 203 3247 35
220 3191 395 3259 adessemus,
419 3189 522 3247 mortui
551 3190 728 3258 viveremus;
768 3189 844 3245 lianc
871 3189 996 3262 denique
1023 3208 1096 3259 esse,
1124 3189 1208 3264 cujus

218 3270 355 3344 gradibus
382 3268 469 3325 etiam
497 3268 627 3325 homines
652 3268 681 3325 in
709 3267 814 3324 coelurn
841 3268 1006 3325 viderentur
1040 3269 1205 3325 ascendere.

218 3355 236 3379 “
248 3348 292 3405 De
315 3349 391 3417 me,”
416 3347 518 3421 inquit,
543 3353 685 3422 “semper
707 3346 827 3423 populus
841 3347 1003 3417 Romanoa,
1017 3366 1129 3421 semper
1148 3365 1208 3404 om·

217 3446 269 3483 nes
296 3439 397 3503 gentes
424 3426 591 3501 loquentur;
613 3425 692 3482 nulla
720 3444 846 3500 unquam
872 3426 1052 3483 obmutescet
1072 3436 1205 3482 vetustas.

216 3505 299 3567 Quin
325 3507 379 3564 hoc
403 3516 528 3580 tempore
553 3504 622 3581 ipso,
646 3503 714 3561 cum
735 3524 835 3562 omnes
857 3524 874 3561 a
895 3505 967 3561 meis
990 3503 1115 3561 inimicis
1129 3505 1207 3561 laces

167 3590 202 3642 40
218 3604 288 3642 rneae
311 3584 425 3643 invidie
447 3584 655 3659 subjiciuntur;
677 3594 774 3641 tamen
796 3583 874 3641 omni
897 3583 927 3641 in
951 3583 1099 3641 hominurn
1118 3594 1206 3654 coetu,

217 3662 317 3739 gratiis
332 3664 460 3739 agendis
476 3673 504 3721 et
528 3662 769 3739 gratulationibus
792 3663 943 3733 lrabendis,
958 3673 988 3719 et
1008 3661 1085 3720 omni
1100 3682 1207 3721 sermo·

217 3761 263 3810 ne,
279 3743 466 3800 celebramur.
509 3742 620 3799 Omitto
642 3742 766 3799 Etruriae
789 3742 883 3812 festos,
908 3753 937 3799 et
961 3751 1040 3799 actos
1053 3752 1083 3798 et
1097 3741 1208 3799 institu-

216 3827 269 3887 tos,
292 3819 370 3877 dies:
399 3821 557 3879 centesima
579 3821 627 3878 lux
649 3831 692 3879 est
715 3822 777 3878 haec
800 3822 837 3878 ab
859 3821 976 3879 interitu
997 3820 1029 3879 P.
1045 3820 1157 3891 Clodii;
1179 3832 1208 3879 et

218 3893 344 3972 (opinor)
370 3898 444 3955 ultra
466 3897 552 3973 quam
580 3900 652 3959 fines
676 3899 788 3977 imperii
811 3900 907 3977 populi
930 3899 1057 3959 Romani
1081 3910 1158 3965 sunt.
1172 3919 1207 3959 ca
