2775 4425
216 378 257 437 86
466 372 604 425 ORATIO
626 375 697 425 PRO
717 375 817 425 REGE
834 375 1029 447 DEIOTARO.

265 517 364 575 solere.
407 516 498 594 Frugi
524 518 669 577 hominem
691 519 761 590 dici,
782 537 839 575 non
861 518 983 575 multum
1003 518 1090 576 habet
1108 518 1201 576 laudis
1224 519 1255 577 in

264 616 349 673 rege;
372 596 482 667 sortem,
502 596 622 672 justum,
642 617 783 668 severum,
805 616 932 674 gravem,
955 598 1183 673 magnanimum,
1200 600 1256 655 lar·

264 694 343 752 gum,
358 675 531 747 beneficum,
546 676 711 745 liberalem;
734 678 778 733 hae
797 688 864 733 sunt
888 676 975 752 regiae
996 676 1114 733 laudes:
1136 678 1185 733 illa
1198 677 1256 751 pri·

264 764 329 811 rata
342 764 394 810 est.
437 754 475 811 Ut
498 755 581 825 volet,
595 756 716 830 quisque
738 756 880 831 accipiat:
909 773 964 831 ego
986 765 1085 811 tamen
1108 755 1255 831 frugalita-

232 836 333 903 5tem,
349 832 377 889 id
391 843 445 903 est,
461 833 629 892 modestiam
644 845 673 890 et
686 832 916 909 temperantiam,
932 834 1066 889 virtutem
1087 850 1151 890 esse
1165 834 1253 891 maxi·

264 930 341 968 mam
359 911 466 986 judico.
510 912 584 969 Haec
598 912 627 968 iu
643 912 691 970 illo
705 923 749 969 est
763 913 800 968 ab
814 913 932 969 ineunte
947 922 1040 981 aetate,
1057 922 1119 968 turn
1134 931 1151 968 a
1164 931 1254 969 cunc·

265 990 294 1047 ut
322 990 405 1061 Asia,
429 1003 490 1048 tum
516 1010 533 1048 a
557 991 772 1067 magistratibus
798 990 956 1067 legatisque
984 990 1099 1061 nostris,
1126 1000 1187 1047 tum
1216 992 1253 1048 ab

264 1069 407 1144 equitibus
428 1069 571 1127 Romanis
591 1070 640 1146 qui
661 1070 691 1127 in
713 1069 787 1126 Asici
807 1069 946 1146 negotiati
966 1079 1043 1141 sunt,
1057 1081 1208 1145 perspecta
1223 1084 1254 1128 et

265 1159 389 1223 cognita.

216 1226 250 1279 10
305 1226 406 1284 Multis
421 1226 466 1284 ille
480 1227 596 1301 quidem
618 1227 756 1304 gradibus
774 1226 934 1284 officiorum
954 1244 1024 1302 erga
1043 1225 1253 1301 rempublicam

264 1317 389 1363 nostram
413 1306 448 1363 ad
470 1307 526 1363 hoo
547 1306 657 1382 regium
679 1326 784 1363 nomen
807 1306 975 1362 adscendit:
996 1305 1046 1361 sed
1062 1316 1158 1361 tamen
1171 1305 1254 1381 quid·

264 1385 332 1460 quid
348 1405 365 1442 a
378 1384 460 1442 bellis
473 1385 571 1461 populi
593 1384 721 1444 Romani
742 1384 873 1454 vacabat,
887 1404 954 1441 oum
970 1384 1133 1440 bominibus
1147 1384 1253 1441 nostris

265 1464 502 1534 consuetudines,
520 1464 672 1535 amicitias,
697 1483 743 1520 res
766 1464 948 1537 rationesque
964 1462 1120 1537 jungebat;
1142 1473 1252 1520 utnon

265 1541 358 1600 solum
373 1544 517 1601 tetrarcha
531 1542 646 1613 nobilis,
661 1543 711 1599 sed
725 1542 849 1618 optimus
863 1541 1077 1616 paterfamilias,
1088 1552 1117 1597 et
1131 1541 1254 1617 diligen-

219 1628 250 1681 15
265 1622 392 1679 tissimus
413 1621 540 1698 agricola
560 1632 589 1678 et
607 1622 772 1698 pecuarius,
787 1621 949 1677 haberetur.
990 1618 1052 1680 Qui
1075 1620 1170 1695 igitur,
1186 1622 1254 1677 ado-

264 1700 387 1766 lescens,
409 1700 536 1756 nondum
557 1700 638 1756 tanti
665 1700 756 1775 gloria
783 1699 928 1775 praeditus,
949 1698 1020 1756 nihil
1049 1718 1174 1773 unquam
1196 1699 1254 1755 nisi

264 1777 444 1835 severissime
459 1788 488 1834 et
501 1776 669 1853 gravissime
685 1778 805 1848 secerit3
827 1778 861 1850 is,
874 1777 911 1835 ed
925 1778 1146 1848 existimatione,
1160 1778 1254 1853 eaque

239 1898 241 1903 .
264 1866 357 1925 oetate,
372 1855 508 1912 saltavitl

304 1934 342 1990 X.
365 1933 475 1990 Imitari
497 1932 600 2010 potiim,
626 1934 740 2006 Castor,
766 1934 811 1992 avi
831 1934 874 1992 tui
895 1954 988 1993 mores
1011 1934 1253 2011 disciplinamque

215 2021 250 2074 20
264 2011 400 2081 debebas,
414 2010 500 2089 quam
514 2013 622 2089 optimo
642 2025 671 2071 et
691 2015 851 2072 clarissimo
865 2015 926 2071 viro
947 2014 1059 2091 fugitivi
1071 2033 1121 2071 ore
1135 2015 1254 2071 maledi·

265 2110 340 2148 cere.
381 2090 472 2153 Quod
493 2092 517 2149 si
538 2092 702 2151 saltatorem
725 2112 808 2150 avum
831 2093 989 2163 habuisses,
1012 2112 1104 2168 neque
1125 2112 1192 2149 eum
1215 2094 1254 2151 ri·

266 2190 339 2244 rum,
356 2172 431 2230 unde
446 2171 563 2248 pudoris
578 2172 781 2248 pudicitiaque
799 2173 930 2249 exempla
950 2183 1131 2248 peterentur3
1153 2183 1252 2230 tamen

267 2251 322 2309 hoc
336 2252 522 2310 maledictum
544 2251 663 2309 minime
685 2252 715 2309 in
737 2252 814 2308 illam
833 2263 946 2309 aetatem
960 2252 1135 2309 conveniret.
1176 2251 1253 2312 Qui·

266 2330 319 2387 bus
340 2331 387 2388 ille
408 2332 510 2389 studiis
532 2331 567 2388 ab
588 2332 707 2389 ineunte
728 2341 810 2387 aetate
825 2351 855 2388 se
870 2332 1022 2401 imbuerat,
1037 2350 1094 2387 non
1115 2329 1252 2401 saltandi,

215 2405 250 2459 25
266 2409 316 2465 sed
332 2409 405 2466 bene
421 2420 451 2466 ut
467 2410 561 2480 armis,
576 2409 683 2485 optime
699 2420 730 2466 ut
745 2410 825 2484 equis
843 2421 987 2479 uteretur;
1008 2428 1044 2465 ea
1057 2421 1154 2466 tamen
1171 2409 1252 2466 illum

265 2497 374 2543 cuncta
394 2488 464 2562 jam,
490 2498 573 2544 oetate
594 2489 708 2559 exacti,
733 2489 907 2545 defecerant.
950 2489 1061 2563 Itaque,
1081 2488 1252 2546 Deiotarum

266 2562 333 2642 edm
356 2565 450 2640 plures
473 2565 502 2621 in
524 2585 627 2640 equum
650 2567 842 2637 sustulissent,
856 2566 932 2642 qudd
948 2568 1056 2624 haerere
1069 2566 1098 2622 in
1113 2586 1149 2623 eo
1161 2587 1253 2624 senex

264 2653 371 2718 posset,
388 2644 522 2700 admirari
542 2644 712 2702 solebamus.
756 2645 815 2702 Hic
831 2646 898 2702 verb
913 2645 1092 2715 adolescens,
1106 2645 1155 2720 qui
1169 2665 1253 2703 meus

267 2721 295 2776 in
310 2720 416 2778 Cilicia
431 2723 522 2793 miles,
538 2723 566 2779 in
582 2723 697 2781 Graeciai
711 2725 879 2795 commilito,
891 2725 953 2793 fnit,
965 2721 1033 2782 cirin
1049 2725 1077 2780 in
1093 2724 1141 2781 illo
1155 2735 1253 2782 nostro

215 2794 250 2847 30
266 2800 394 2857 exercitu
415 2801 555 2876 equitaret
570 2822 636 2859 cum
652 2803 712 2859 suis
725 2803 845 2861 delectis
858 2804 1011 2879 equitibus,
1026 2822 1097 2877 quos
1110 2803 1169 2859 und
1183 2822 1252 2859 curn

265 2898 300 2936 eo
316 2879 351 2935 ad
373 2879 540 2955 Pompeium
562 2892 641 2956 pater
664 2884 789 2953 miserat,
804 2903 874 2958 quos
897 2901 1056 2939 concursus
1070 2881 1166 2939 facere
1180 2882 1253 2938 sole·

266 2957 331 3015 batl
357 2957 443 3034 qudm
458 2979 488 3015 se
499 2960 627 3035 jactare!
649 2960 735 3036 quam
750 2962 910 3018 ostentare!
932 2960 1017 3035 qudm
1032 2961 1142 3017 nemini
1158 2961 1187 3017 in
1202 2960 1252 3018 itta

266 3037 354 3094 causi
376 3039 470 3095 studio
490 3050 518 3095 et
539 3040 698 3114 cupiditate
719 3041 896 3097 concedere!
924 3039 1001 3096 Ciam
1022 3037 1100 3109 verd,
1120 3039 1251 3096 exercitu

266 3116 380 3186 amisso,
395 3136 459 3192 ego,
473 3117 521 3192 qui
542 3119 623 3192 pacis
645 3132 744 3176 auctor
764 3137 877 3194 semper
898 3118 948 3188 fui,
969 3129 1032 3194 post
1053 3117 1250 3174 Pharsalicum

214 3199 250 3253 35
266 3209 359 3252 autem
375 3196 505 3270 proelium
526 3215 624 3254 suasor
645 3197 760 3253 fuissem
776 3216 918 3255 armorum
932 3217 989 3253 non
1004 3196 1250 3271 deponendorum,

265 3276 315 3330 sed
332 3273 577 3348 abjiciendorum;
601 3275 678 3332 hunc
701 3275 736 3332 ad
758 3295 851 3333 meam
874 3276 1072 3333 auctoritatem
1094 3294 1150 3331 non
1171 3275 1250 3349 potui

266 3353 421 3421 adducere,
440 3349 517 3425 qudd
538 3362 567 3408 et
588 3353 647 3428 ipse
670 3354 787 3410 ardebat
807 3355 902 3411 studio
923 3354 1011 3430 ipsius
1033 3353 1109 3424 belli,
1128 3363 1158 3410 et
1177 3353 1249 3427 patri

265 3430 500 3487 satisfaciendum
528 3449 592 3486 esse
620 3431 819 3488 arbitrabatur.
862 3433 945 3489 Felix
969 3432 1024 3490 ista
1051 3433 1163 3502 domus,
1187 3450 1249 3505 quae

265 3529 323 3566 non
343 3508 541 3584 impunitatem
565 3507 657 3566 soldm
680 3512 784 3586 adepta
805 3512 850 3582 sit,
865 3512 916 3568 sed
937 3511 1024 3567 etiam
1048 3510 1205 3568 accusandi
1219 3510 1250 3566 li-

216 3591 250 3642 40
266 3588 409 3645 centiam:
432 3588 614 3644 calamitosus
637 3588 802 3659 Deiotarus,
817 3591 865 3665 qui
887 3600 916 3646 et
938 3590 975 3646 ab
989 3589 1086 3665 ecqui
1102 3589 1131 3645 in
1147 3589 1247 3644 iisdem

266 3666 367 3722 castris
382 3666 476 3736 fuerit,
492 3686 548 3724 uon
565 3665 649 3724 modd
665 3668 739 3742 apud
755 3679 793 3738 te,
806 3670 856 3724 sed
869 3669 957 3726 etiam
973 3669 1072 3737 asnis,
1087 3678 1247 3724 accusetur.

266 3744 326 3800 Vos
350 3745 443 3801 vestra
465 3747 595 3802 secunda
618 3746 742 3817 fortunii,
756 3747 870 3816 Castor,
885 3767 943 3804 non
967 3747 1096 3824 potestis,
1111 3745 1173 3802 sine
1186 3764 1249 3821 pro

265 3820 435 3896 pinquorum
451 3823 625 3896 calamitate,
639 3843 703 3882 esse
718 3826 868 3883 contentil
