2775 4425
354 348 491 398 ORATIO
515 350 584 398 PRO
607 349 636 403 Τ.
661 350 777 400 ANNIO
800 351 949 401 MILONE.
1142 354 1200 412 117

151 493 304 551 servasset.
346 491 431 550 Multi
447 493 534 550 etiam
549 493 706 552 Catilinam
728 505 814 570 atque
834 494 884 554 illa
902 505 1033 574 portenta
1052 496 1149 570 loque·

151 574 276 630 bantur:
299 571 455 648 Erumpet;
477 573 631 649 occupabit
653 573 778 648 aliquem
792 574 904 644 locum3
927 575 1033 632 bellum
1048 576 1147 651 patrius

154 653 250 710 saciet.
294 649 417 708 Miseros
431 651 574 710 interdum
590 651 677 722 cives,
688 651 794 728 optimd
807 653 843 710 de
854 655 1000 730 republicis
1012 655 1145 712 meritos!

153 731 303 806 inquibus
325 731 454 787 homines
475 751 531 788 non
553 730 637 788 modd
657 751 703 789 res
723 732 955 808 praeclarissimas
973 733 1147 790 obliviscun-

153 820 210 880 tur,
225 809 276 866 sed
291 809 377 866 etiam
392 809 518 867 nefarias
539 809 730 885 suspicantur.
773 809 851 888 Ergo
865 810 914 868 illa
928 811 999 868 salsa
1014 811 1144 870 luerunt:
1180 813 1199 868 5

153 908 217 964 quar
238 885 317 945 certe
333 907 400 945 vera
418 889 603 959 exstitissent,
618 888 641 944 si
664 888 737 947 Milo
757 890 920 948 admisisset
939 889 1057 966 aliquid,
1070 891 1146 968 quod

153 988 210 1025 non
225 977 320 1043 posset
335 965 452 1024 honeste
468 966 592 1041 vereque
606 967 771 1026 defendere.

194 1045 311 1103 XXIV.
345 1045 448 1106 Quidl
476 1065 539 1120 quae
560 1057 658 1121 postea
678 1058 746 1104 sunt
766 1048 795 1106 in
816 1065 883 1106 eum
904 1059 1051 1124 congesta,
1067 1047 1145 1125 (quas

152 1124 293 1200 quemviS,
316 1124 403 1182 etiam
425 1125 614 1182 mediocrium
638 1126 808 1184 delictorum
833 1127 1021 1198 couscientid,
1044 1147 1134 1205 percu

152 1204 267 1282 lissent)
300 1212 332 1260 ut
364 1203 515 1262 sustinuit!
557 1203 606 1260 Dii
641 1203 831 1264 immortales!
866 1206 1024 1264 sustinuitl
1058 1208 1146 1266 immo
1164 1203 1199 1258 10

153 1281 232 1354 verb,
248 1294 280 1340 ut
294 1282 473 1360 contempsit,
489 1302 524 1341 ac
544 1302 595 1358 pro
614 1283 706 1341 nihilo
728 1285 851 1360 putavit!
882 1304 945 1359 quae
960 1305 1054 1360 neque
1068 1305 1146 1343 max·

153 1362 212 1419 imo
240 1361 336 1420 animo
369 1381 485 1433 nocem,
514 1381 607 1437 neque
634 1363 783 1433 innocens,
812 1363 868 1421 nisi
896 1364 1065 1422 fortissimus
1091 1365 1144 1436 vir,

153 1442 301 1517 negligere
325 1441 470 1518 potuisset.
514 1442 678 1512 Scotorum,
701 1441 873 1518 gladiorum,
899 1442 1060 1512 l'raenorum,
1084 1462 1146 1518 spa·

152 1540 260 1592 rorum,
275 1519 453 1596 pilorumque
468 1520 565 1590 etiam,
581 1520 735 1578 multitudo
750 1521 925 1596 deprehendi
940 1540 1022 1597 posse
1038 1521 1146 1578 indica·

153 1599 246 1656 batur.
289 1597 410 1656 Nullum
433 1599 462 1656 in
488 1599 565 1657 Urbe
589 1600 696 1669 vicum,
725 1599 835 1657 nullum
863 1599 1054 1676 angiportum,
1082 1620 1145 1658 esse
1164 1602 1200 1654 15

153 1679 300 1748 dicebant,
316 1679 345 1736 in
361 1697 416 1752 quo
438 1677 540 1736 Miloni
562 1697 618 1736 nou
634 1690 709 1736 esset
724 1679 867 1736 conducta
881 1680 999 1736 domus:
1021 1697 1101 1736 arma
1116 1679 1145 1737 in

152 1758 250 1814 villam
271 1756 479 1814 Ocriculanam
501 1758 621 1814 devecta
642 1756 762 1814 Tiberi:
785 1759 901 1816 domum
920 1759 950 1817 in
967 1757 1042 1816 clivo
1060 1757 1145 1836 Capi-

152 1838 241 1894 tolino
263 1837 353 1894 scutis
375 1837 526 1894 refertam:
550 1835 636 1913 plena
656 1837 754 1894 omnia
778 1837 973 1896 malleolorum
997 1840 1034 1895 ad
1058 1837 1145 1896 Urbis

154 1915 291 1973 incendia
313 1927 549 1992 comparatorum.
593 1915 665 1974 Haec
687 1937 745 1974 non
767 1917 863 1974 delata
882 1916 985 1988 solum,
1000 1919 1050 1976 sed
1068 1917 1142 1996 pene

153 1995 280 2064 credita3
303 2015 359 2052 nec
374 1993 440 2052 antd
456 1995 604 2072 repudiata
619 2006 694 2065 sunt,
709 1995 795 2071 quam
810 1997 937 2071 quaesita.
1160 2000 1196 2054 2⁰

192 2073 363 2130 Laudabam
378 2074 510 2149 equidem
526 2073 724 2132 incredibilem
736 2075 915 2151 diligentiam
930 2075 985 2131 Cn.
997 2074 1142 2150 Pompeii:

152 2153 201 2211 sed
218 2154 325 2223 dicam,
341 2165 372 2210 ut
386 2153 486 2226 sentio,
498 2153 619 2230 judices.
662 2153 759 2210 Nimis
774 2154 863 2210 multa
878 2152 977 2209 audire
992 2165 1143 2229 coguntur,

152 2253 247 2308 neque
267 2234 349 2291 aliter
372 2232 468 2291 facere
486 2244 612 2309 possunt,
629 2232 659 2303 ii,
673 2234 779 2308 quibus
792 2244 851 2289 tota
865 2230 1018 2289 commissa
1031 2244 1074 2287 est
1089 2253 1146 2290 res·

152 2313 285 2389 publioa;
307 2312 377 2388 quin
398 2313 484 2370 etiam
507 2313 667 2370 audiendus
689 2312 775 2369 luerit
794 2331 867 2388 popa
887 2310 1028 2381 Licinius,
1047 2312 1145 2370 nescio

153 2391 227 2465 quis,
249 2392 285 2449 de
306 2392 412 2450 Circo:
440 2411 535 2449 servos
556 2390 684 2462 Milonis,
707 2391 781 2467 apud
803 2389 833 2447 se
854 2391 949 2449 ebrios
969 2390 1068 2461 factos,
1089 2390 1143 2448 sibi
1161 2391 1197 2443 25

154 2472 301 2527 confessos
321 2491 394 2541 esse,
409 2490 440 2529 se
458 2473 494 2529 de
517 2471 716 2529 interficiendo
736 2470 791 2527 Cn.
807 2470 942 2547 Pompeio
961 2469 1142 2545 conjurasse:

80 2579 87 2595 ·
153 2550 259 2607 deinde
277 2562 423 2625 postesse
441 2548 537 2627 gladio
556 2569 724 2626 percussum
744 2570 808 2608 esse
829 2551 865 2607 ab
887 2570 945 2607 uno
965 2550 1002 2607 de
1025 2549 1090 2621 illis,
1105 2570 1143 2609 ne

154 2626 304 2686 indicaret.
346 2630 482 2706 Pompeio
493 2630 520 2686 in
534 2630 627 2687 hortos
642 2630 790 2688 nuntiavit.
833 2632 972 2688 Arcessor
984 2629 1013 2686 in
1027 2630 1144 2706 primis:

153 2708 189 2765 de
210 2707 368 2766 amicorum
392 2708 545 2779 sententia,
560 2728 620 2766 rem
639 2709 731 2767 defert
749 2710 786 2766 ad
804 2721 943 2767 senatum.
985 2708 1053 2767 Non
1067 2720 1143 2786 pote-

153 2804 225 2857 ram,
242 2786 271 2843 in
294 2787 370 2844 illius
392 2786 448 2845 mei
469 2786 623 2863 patriaeque
641 2789 769 2847 custodis
790 2789 870 2847 tantia
892 2788 1064 2863 suspicione,
1086 2809 1143 2846 non
1160 2792 1197 2844 30

153 2878 232 2922 metu
252 2866 429 2923 exanimari:
451 2867 501 2925 sed
518 2867 643 2924 mirabar
660 2878 768 2938 tamen,
788 2868 867 2924 credi
886 2886 983 2942 popae3
1007 2864 1144 2941 [ebrioso-

154 2946 231 3024 rum]
249 2944 459 3003 confessionem
480 2965 624 3003 servorum
649 2946 762 3013 audiri;
783 2945 887 3001 vulnus
906 2944 935 3000 in
954 2944 1053 3011 latere,
1069 2946 1145 3017 quod

155 3043 208 3081 acu
230 3036 370 3100 punctum
386 3026 538 3095 videretur,
552 3045 602 3102 pro
617 3026 675 3081 ictu
691 3023 857 3099 gladiatoris
870 3021 991 3155 probari.
1033 3020 1145 3078 Verum

155 3102 201 3177 (ut
226 3102 368 3179 intelligo)
393 3105 513 3160 cavebat
534 3104 626 3179 magis
649 3101 812 3177 Pompeius,
832 3120 869 3175 qu
890 3118 918 3155 m
942 3100 1071 3169 timebat,
1086 3120 1144 3156 non

153 3202 189 3239 ea
203 3181 306 3252 solum,
322 3200 384 3255 quae
405 3183 533 3240 timenda
554 3193 645 3250 erant,
661 3180 711 3237 sed
729 3179 847 3237 omnino
863 3178 970 3248 omnia,
985 3197 1022 3235 ne
1037 3178 1144 3253 aliquid
1161 3184 1197 3237 35

153 3281 202 3317 vos
226 3262 374 3317 timeretis.
416 3260 592 3337 Oppugnata
612 3261 714 3316 domus
734 3259 769 3316 C.
791 3258 924 3327 Caesaris,
942 3256 1095 3314 clarissimi
1116 3267 1145 3313 et

153 3339 300 3397 fortissimi
315 3340 378 3409 viri,
392 3360 441 3416 per
464 3339 683 3396 multas-noctis
707 3339 791 3396 horas
812 3337 1007 3395 nuntiabatur.
1050 3335 1146 3393 Nemo

155 3419 286 3475 audierat
301 3429 358 3475 tam
374 3419 481 3477 celebri
495 3419 568 3489 loco,
583 3436 668 3475 nemo
682 3427 829 3475 senserat:
850 3428 947 3473 tamen
964 3416 1145 3473 audiebatur.

153 3496 221 3553 Non
243 3507 370 3572 poteram
392 3498 447 3555 Cn.
469 3496 647 3572 Pompeium,
662 3496 896 3573 prestantissima
917 3495 1021 3552 virtute
1042 3494 1143 3563 virum,

153 3576 287 3632 timidum
310 3575 470 3651 suspicari:
492 3574 681 3651 diligentiam,
697 3576 756 3633 tota
777 3574 925 3651 republica
945 3573 1089 3648 suscepta,
1103 3572 1146 3629 ni·
1162 3579 1198 3632 40

153 3656 240 3710 miam
270 3655 379 3711 nullam
406 3656 551 3731 putabam.
594 3652 840 3728 Frequentissimo
866 3664 968 3708 senatu
995 3671 1085 3725 nuper
1114 3651 1144 3707 in

153 3733 307 3808 Capitolio,
322 3744 435 3791 senator
461 3734 593 3791 inventus
613 3744 665 3802 est,
685 3733 734 3807 qui
759 3732 897 3788 Milonem
920 3750 987 3786 oum
1009 3731 1066 3787 telo
1083 3748 1146 3787 esse

152 3812 272 3869 diceret.
315 3812 446 3870 Nudavit
473 3832 504 3870 se
532 3812 560 3869 in
589 3812 770 3868 sanctissimo
793 3809 908 3884 templo,
929 3810 1063 3884 quoniam
1089 3810 1147 3888 vita

152 3891 218 3947 talis
232 3900 262 3947 et
277 3891 358 3963 civis,
373 3902 402 3949 et
423 3892 487 3965 viri,
502 3891 587 3949 fidem
602 3909 659 3947 non
675 3890 810 3959 faciebat,
825 3888 892 3958 nisi,
905 3908 941 3946 eo
961 3899 1086 3960 tacente,
1101 3910 1147 3947 res

153 3969 215 4045 ipsa
231 3970 401 4043 loqueretur.
793 3997 799 4008 .
1164 3973 1199 4025 45
