2775 4425
207 347 266 406 130
507 344 642 394 ORATIO
666 343 705 393 ΙΝ
727 343 764 392 Μ.
788 342 991 392 ANTONIUM.
1276 406 1278 411 ,

297 490 338 548 At
351 489 428 547 enim
443 499 471 547 te
487 488 515 546 in
531 487 714 564 disciplinam
729 508 822 546 meam
837 488 998 545 tradideras
1024 486 1105 563 (nam
1125 495 1164 542 rta
1183 483 1236 540 dix·
1350 528 1351 555 ,

258 571 338 647 isti):
361 571 476 626 domum
492 587 584 625 meam
600 570 764 625 ventitaras.
805 567 860 624 Nae
875 578 917 637 tu,
926 567 950 623 si
962 568 991 623 id
1007 567 1132 636 fecisses,
1143 564 1238 621 melids
1350 560 1351 619 i

258 651 351 717 sama,
367 646 470 705 melitis
483 647 629 723 pudicitiae
651 657 718 717 tuae,
743 646 944 704 consuluisses.
986 646 1046 703 Sed
1066 664 1120 702 nec
1141 643 1237 712 fecisti,
1350 634 1351 681 3

257 747 323 798 nec,
338 727 361 784 si
377 747 507 802 cuperes,
522 726 574 782 tibi
590 726 618 782 id
632 746 682 802 per
698 727 732 784 C.
747 725 904 783 Curionem
919 726 1016 782 facere
1030 724 1164 781 licuisset.

222 813 240 866 5
298 807 468 883 Auguratirs
490 805 657 881 petitionem
677 805 748 862 milri
768 816 797 861 te
817 805 996 862 concessisse
1016 803 1120 860 dixisti.
1160 801 1237 858 Oin·

259 886 427 944 credibilem
451 884 618 942 audaciam!
641 903 659 942 o
679 884 885 960 impudentiam
906 882 1136 958 praedicandam!
1175 881 1239 941 Quo

259 964 336 1022 enim
363 975 491 1040 tempore
517 981 564 1020 me
592 982 731 1040 augurem
753 982 769 1020 a
790 973 849 1020 toto
872 961 995 1038 collegio
1015 961 1168 1037 expetitum
1187 959 1238 1016 Cu.

259 1043 412 1120 Pompeius
425 1054 454 1100 et
467 1043 506 1104 Q.
523 1042 696 1101 Hortensius
717 1042 935 1100 nominaverunt
960 1040 1069 1116 (neque
1089 1039 1165 1096 enim
1177 1037 1240 1094 lice·

259 1123 309 1180 bat
330 1143 347 1180 a
369 1122 498 1199 pluribus
519 1121 686 1200 nominari),
701 1132 731 1178 tu
753 1140 808 1178 nec
829 1121 963 1178 solvendo
977 1140 1052 1190 eras,
1067 1139 1122 1176 nec
1141 1128 1168 1174 te
1188 1116 1241 1172 ullo

208 1207 242 1261 10
260 1202 353 1273 modo,
368 1201 424 1258 nisi
438 1201 538 1258 eversa
562 1201 720 1276 republica,
736 1200 908 1257 incolumem
924 1199 983 1262 fore
997 1199 1126 1276 putabas.
1166 1196 1241 1252 Pote-

260 1300 306 1340 ras
321 1292 416 1338 autem
431 1300 465 1337 eo
478 1291 604 1356 tempore
620 1290 790 1356 auguratum
804 1289 911 1354 petere,
926 1277 994 1335 cirm
1011 1279 1040 1335 in
1062 1277 1145 1334 ltalia
1159 1273 1237 1330 Curi<

260 1381 317 1418 non
332 1361 426 1418 essetl
449 1369 498 1416 aut
507 1370 577 1430 tum,
587 1356 655 1416 ciun
665 1378 696 1415 es
710 1359 813 1428 sactus,
822 1377 912 1414 unam
922 1358 1030 1414 tribum
1045 1357 1106 1413 sine
1121 1354 1240 1411 Curione

261 1439 335 1496 serre
365 1438 526 1515 potuisses?
558 1438 640 1514 cujus
670 1437 757 1494 etiam
779 1437 934 1494 familiares
960 1438 997 1493 de
1019 1436 1047 1492 vi
1068 1429 1241 1492 condemnati

261 1527 337 1588 sunt,
352 1516 429 1592 quod
444 1517 486 1574 tui
500 1517 586 1574 nimis
599 1517 719 1574 studiosi
734 1516 860 1573 luissent.
1033 1559 1044 1578 .

210 1599 244 1653 15
301 1597 358 1654 111.
396 1596 590 1654 Atbeneficio
610 1615 673 1652 sum
696 1614 764 1652 usus
785 1606 842 1652 tuo.
882 1594 974 1656 Quol
995 1610 1157 1670 quanquam
1178 1587 1242 1646 illud

262 1675 364 1751 ipsum,
380 1675 456 1749 quod
474 1693 689 1744 commemoras
705 1693 816 1750 semper
837 1693 896 1749 prae
919 1692 966 1731 me
986 1675 1050 1730 tuli.
1092 1669 1181 1728 Malui
1201 1685 1242 1722 me

261 1755 314 1810 tibi
329 1755 434 1811 debere
449 1753 588 1823 confiteri,
603 1750 688 1827 quam
704 1752 839 1826 cuiquam
854 1749 951 1809 minus
962 1751 1097 1828 prudenti
1111 1769 1166 1806 non
1180 1745 1243 1804 satis

261 1843 360 1908 gratus
374 1831 484 1895 videri„
514 1832 573 1888 Sed
597 1850 652 1905 quo
677 1831 837 1888 beneficiol
857 1829 936 1906 qudd
959 1850 1016 1888 me·
1029 1827 1172 1888 Brundisii
1191 1843 1242 1882 non

261 1910 422 1968 occiderisl
463 1909 562 1971 Quem
577 1909 636 1986 ipse
651 1909 740 1967 victor
755 1910 818 1986 (qui
840 1911 903 1981 tibi,
918 1921 949 1966 ut
963 1920 1025 1967 tute
1047 1907 1160 1987 gloriari
1179 1904 1243 1961 sole·

210 1993 244 2046 20
261 1990 323 2060 bas,
348 1989 490 2046 detulerat
513 2009 548 2046 ex
568 1989 727 2046 latronibus
750 1987 810 2046 suis
832 1990 1040 2069 principatum)
1066 1989 1172 2046 salvum
1186 2000 1243 2039 esse
1277 2029 1280 2032 ,

262 2068 407 2139 voluisset,
432 2067 461 2125 in
486 2068 601 2125 ltaliam
625 2067 667 2125 ire
688 2067 828 2143 jussisset,
852 2087 918 2126 eum
933 2079 963 2126 tu
978 2067 1148 2126 occideres?
1186 2061 1241 2119 Fac

261 2148 403 2227 potuisse:
426 2148 501 2223 quod
515 2158 558 2206 est
573 2147 660 2219 aliud,
676 2147 775 2204 Patres
793 2147 966 2224 Conscripti‚
982 2147 1154 2206 beneficium
1167 2142 1243 2198 latro·

262 2248 343 2299 num,
357 2228 413 2285 nisi
427 2239 459 2285 ut
473 2228 697 2286 commemorare
720 2228 836 2304 possint,
851 2228 887 2284 iis
900 2248 931 2286 se
951 2228 1067 2287 dedisse
1081 2227 1174 2294 vitam,
1188 2219 1243 2295 qui·

176 2368 177 2371 ,
262 2308 316 2365 bus
337 2328 393 2365 non
419 2307 598 2365 ademerint?
637 2306 728 2368 Quod
752 2307 776 2363 si
799 2318 873 2365 esset
897 2308 1081 2379 beneficium,
1105 2316 1242 2376 nunquam

209 2392 245 2445 25
263 2387 294 2457 ii,
309 2386 358 2460 qui
372 2387 452 2444 illum
468 2386 684 2457 interfecerunt,
701 2404 787 2461 aquo
799 2397 882 2444 erant
901 2387 1018 2457 servati,
1036 2389 1120 2463 (quos
1139 2394 1168 2439 tu
1189 2380 1243 2455 ipse

263 2465 338 2522 viros
351 2464 525 2521 clarissimos
540 2464 680 2539 appellare
695 2465 782 2544 soles)
794 2476 904 2523 tantam
918 2479 1013 2524 essent
1024 2466 1144 2545 gloriam
1153 2475 1243 2518 conse·

184 2605 186 2609 ,
263 2543 332 2601 cuti.
372 2542 472 2604 Quale
487 2553 582 2600 autem
605 2542 779 2600 beneficium
802 2555 855 2616 est,
870 2546 945 2619 quod
967 2554 996 2603 te
1011 2540 1180 2603 abstinueris
1198 2554 1243 2594 ne·

263 2621 335 2677 sario
348 2621 479 2678 scelerel
519 2620 591 2683 Qut
612 2620 642 2677 in
666 2640 708 2692 re,
732 2642 789 2680 non
813 2634 872 2680 tam
890 2624 1051 2700 jucundum
1072 2618 1159 2680 rideri
1179 2611 1242 2673 mihi

260 2699 370 2770 debuit,
392 2719 449 2757 non
464 2699 645 2758 interfectum
662 2711 732 2773 ate,
747 2700 835 2777 quiam
857 2704 1004 2776 miserum,
1029 2704 1060 2762 id
1081 2714 1110 2760 te
1132 2687 1242 2773 impunc

208 2780 244 2835 30
262 2778 358 2836 facere
372 2778 505 2855 potuisse.

301 2858 360 2915 Sed
374 2858 411 2915 sit
425 2858 608 2931 beneficium,
633 2860 864 2935 quandoquidem
886 2861 978 2938 majus
999 2861 1093 2939 accipi
1108 2878 1124 2917 a
1142 2857 1243 2914 latrone

261 2937 372 2995 nullum
386 2938 494 3014 potuit;
518 2938 547 2995 in
568 2958 624 3013 quo
644 2950 724 3015 potes
749 2958 795 2997 me
818 2939 919 2998 dicere
938 2942 1105 3018 ingratum?
1146 2928 1242 2993 Ande

262 3016 379 3075 interitu
394 3017 560 3092 reipublicae
575 3019 656 3092 queri
670 3038 728 3076 nou
739 3019 837 3089 debui,
846 3039 884 3077 ne
894 3020 924 3076 in
938 3030 967 3077 te
982 3021 1111 3097 ingratus
1121 3006 1242 3073 vidererl

262 3096 351 3166 Nam,
366 3096 396 3155 in
411 3097 459 3154 illa
474 3097 601 3171 querela,
618 3097 738 3173 (misera
753 3098 868 3172 quidem
891 3109 920 3156 et
943 3100 1085 3170 luctuosa,
1099 3095 1148 3155 sed
1168 3084 1241 3153 mihi,

210 3180 245 3235 35
261 3195 312 3253 pro
326 3177 381 3233 boc
395 3176 485 3252 gradu
501 3176 530 3233 in
545 3194 601 3251 quo
615 3195 661 3233 me
675 3187 792 3233 senatus
814 3177 990 3253 populusque
1004 3178 1154 3236 Romanus
1167 3166 1243 3227 collo·

263 3254 349 3325 cavit,
364 3254 542 3331 necessaria)
568 3254 637 3329 quid
661 3264 705 3312 est
728 3256 839 3312 dictum
863 3275 940 3315 ame
965 3276 1031 3315 cum
1056 3242 1242 3315 contumelirtl

262 3333 332 3411 quid
355 3353 412 3390 non
436 3331 605 3390 moderatdl
633 3333 703 3408 quid
725 3353 782 3391 nou
811 3332 927 3392 amicdl
969 3336 1008 3393 Et
1031 3337 1145 3411 quidem
1168 3323 1242 3399 cuj1¹³

263 3412 458 3489 temperantior
474 3410 536 3481 fuit,
550 3412 587 3468 de
611 3410 652 3469 M.
669 3413 798 3472 Antonio
817 3425 995 3489 querentem,
1010 3416 1152 3473 abstinere
1164 3402 1242 3463 male·

263 3492 364 3549 dictol
385 3489 543 3567 praesertim
568 3488 635 3548 oiim
658 3500 689 3547 tu
711 3491 846 3568 reliquias
860 3492 1025 3570 reipublicae
1039 3486 1240 3568 dissiparisses3

210 3570 246 3625 40
264 3569 332 3629 cirm
347 3570 422 3627 domi
437 3580 493 3626 tuae
507 3569 671 3645 turpissimo
681 3582 810 3628 mercatu
820 3572 918 3629 omnia
931 3583 1026 3630 essent
1040 3572 1167 3636 venalia3
1182 3558 1242 3620 clim

263 3650 343 3725 leges
364 3668 423 3720 eas,
438 3668 500 3724 quae
515 3668 662 3725 nunquam
675 3650 863 3727 promulgata
885 3661 991 3722 essent,
1006 3662 1036 3709 et
1059 3652 1095 3710 de
1108 3662 1136 3708 te
1149 3655 1176 3703 et
1189 3660 1204 3696 a
1216 3647 1241 3692 ἲθ

263 3728 336 3784 latas
347 3729 516 3785 confiterere
527 3748 534 3797 ;
556 3726 624 3785 cirm
637 3728 766 3803 auspicia
781 3748 882 3806 augur,
894 3729 1126 3788 intercessionem
1142 3715 1241 3782 consul,

264 3805 442 3892 sustulisses;
465 3804 532 3863 crim
547 3826 625 3864 esses
640 3806 795 3864 foedissimd
817 3809 936 3885 stipatus
951 3811 1086 3880 armatis;
1108 3805 1172 3866 cirm
1190 3812 1243 3886 qm·

264 3900 317 3939 nes
338 3884 516 3957 impuritates
535 3885 642 3961 pudica
667 3886 698 3943 in
725 3887 810 3971 domo
836 3888 964 3963 quotidie
991 3889 1159 3967 susciperes,
1183 3888 1243 3934 tlss⁰
