2775 4425
194 380 236 441 20
449 376 588 426 ORATIO
611 375 660 426 lll.
683 376 720 425 IN
746 377 776 425 h.
800 374 1015 426 CATILINAM.
1077 416 1081 421 A

247 522 324 581 hanc
344 521 446 579 urbem
467 521 613 579 conditam
635 520 896 597 amplificatamque
914 521 1045 579 servavit.
1087 519 1166 578 Nam
1179 522 1232 579 toti

247 602 322 673 urbi,
332 602 454 678 templis,
466 602 603 673 delubris,
614 602 701 659 tectis
711 620 747 658 uc
757 601 909 673 moenibus,
921 601 1067 677 subjectos
1075 600 1162 677 prope
1171 602 1233 677 J'am

247 682 331 759 ignes
345 682 596 757 circumdatosque
611 681 814 743 restinximus:
837 681 982 757 iidemque
993 681 1104 758 gladios
1114 682 1145 737 in
1160 700 1233 738 rem-

194 761 393 894 5publicam
407 761 559 820 destrictos
573 761 743 832 retudimus,
758 779 967 851 mucronesque
981 780 1081 819 eorum
1096 780 1113 817 a
1123 760 1234 838 jugulis

194 838 348 898 avesnis
364 838 561 921 [dejecimus]
604 840 682 903 Quae
692 840 829 919 quoniam
840 841 871 897 in
881 849 983 897 senatu
994 840 1136 898 illustrata
1138 851 1235 917 ‚pate-

248 921 334 992 facta
350 932 496 997 comperta
516 930 583 979 sunt
602 938 653 997 per
674 939 737 990 me;
758 913 866 977 iobis
856 938 917 995 Jam
937 938 1078 997 exponam
1100 920 1233 1011 breviter,

245 966 395 1071 Quirites;
417 1010 449 1057 ut
462 1011 492 1058 et
504 1010 622 1076 quanta,
637 1010 666 1057 et
679 997 767 1090 quam
781 1000 943 1091 manifesta,
954 1010 984 1057 et
997 1000 1054 1091 qua
1068 1000 1178 1057 ratione
1192 1000 1234 1056 in·

145 1099 148 1105 ·
247 1080 388 1157 vestigata
409 1090 441 1137 et
460 1082 668 1157 comprehensa
689 1080 757 1151 sint,
771 1098 830 1151 vos,
844 1079 894 1155 qui
916 1079 1064 1156 ignoratis,
1081 1077 1131 1157 [ex
1145 1079 1232 1137 actis
1218 1120 1231 1159 J

248 1160 323 1217 scire
336 1159 457 1236 possitis.

196 1240 230 1294 10
289 1238 437 1317 Principii)
458 1248 489 1295 ut
509 1238 638 1297 Catilina
658 1238 761 1315 paucis
775 1236 842 1295 ante
857 1237 961 1295 diebus
973 1238 1068 1314 erupit
1087 1258 1124 1296 ex
1143 1238 1233 1311 Urbe,

249 1317 317 1377 cum
331 1319 449 1377 sceleris
469 1319 514 1376 sui
535 1320 637 1390 socios,
652 1318 775 1395 hujusce
794 1318 901 1375 nefarii
920 1318 987 1375 belli
1009 1319 1164 1377 acerrimos
1183 1319 1236 1375 du·

249 1418 308 1471 ces,
324 1399 427 1457 Romae
447 1400 625 1476 reliquisset:
642 1404 759 1474 'semper
774 1398 889 1475 vigilavi
908 1408 938 1455 et
958 1398 1076 1474 providi,
1090 1398 1234 1470 Quirites,

248 1479 500 1565 quemadmodum,
522 1480 552 1537 in
573 1479 660 1537 tantis
681 1488 790 1535 ettam
818 1477 994 1535 absconditis
1020 1478 1142 1550 insidiis,
1164 1478 1235 1535 salvi

248 1578 310 1617 esse
324 1577 480 1636 possemus.

196 1644 231 1698 15
288 1638 329 1695 ΙΙ.
371 1638 450 1695 Nam
471 1637 626 1711 tum,cl1m
647 1656 683 1696 ex
703 1637 782 1695 Urbe
803 1636 961 1695 Catilinam
982 1636 1146 1713 ejiciebam,
1163 1636 1234 1713 (non

179 1733 181 1738 ·
249 1719 327 1776 enim
345 1718 406 1793 jam
426 1736 525 1775 vereor
549 1718 635 1793 hujus
655 1717 734 1774 verbi
756 1716 905 1788 invidiam,
926 1714 994 1774 crim
1015 1716 1065 1773 illa
1086 1717 1178 1793 magis
1198 1717 1235 1774 sit

249 1797 387 1868 timenda,
402 1794 480 1872 qudd
494 1797 575 1853 vivus
588 1796 704 1875 exierit)
720 1796 857 1867 sedtum,
872 1794 940 1853 crim
956 1796 1036 1852 illum
1050 1797 1235 1855 exterminari

249 1876 396 1946 volebam;
420 1886 469 1933 aut
479 1876 619 1951 reliquam
631 1875 846 1951 conjuratorum
856 1894 975 1933 manum
986 1875 1070 1932 simul
1082 1876 1234 1949 exituram,

251 1964 300 2012 aut
321 1974 380 2026 eos,
401 1955 450 2031 qui
471 1955 651 2026 restitissent,
674 1954 801 2013 infirmos
825 1955 888 2012 sine
909 1955 958 2012 illo
979 1974 1014 2012 ac
1034 1955 1144 2012 debiles
1166 1955 1235 2027 lore,

196 2047 232 2101 20
249 2034 394 2112 putabam.
438 2035 535 2111 Atque
549 2055 613 2113 ego,
628 2046 660 2093 ut
674 2034 743 2107 vidi,
754 2053 825 2111 quos
835 2035 961 2092 maximo
975 2034 1069 2092 furore
1084 2045 1113 2092 et
1126 2036 1236 2093 scelere

250 2134 313 2173 esse
334 2114 525 2173 inflammatos
545 2116 684 2187 sciebam,
699 2135 748 2173 eos
769 2114 919 2172 nobiscum
934 2134 1007 2185 esse,
1023 2125 1051 2171 et
1072 2114 1174 2172 Romae
1193 2134 1237 2172 re·

250 2194 407 2268 mansisse;
429 2195 459 2254 in
480 2217 515 2254 eo
534 2216 634 2254 omnes
654 2196 718 2254 dies
737 2203 894 2271 noctesque
915 2194 1089 2271 consumpsi,
1105 2204 1146 2266 ut,
1166 2194 1235 2270 quid

251 2287 379 2354 agerent,
394 2276 463 2353 quid
484 2277 661 2347 molirentur,
676 2275 813 2333 sentirem
831 2293 866 2332 ac
879 2275 1022 2345 viderem;
1045 2285 1086 2347 ut,
1101 2275 1236 2350 quoniam

251 2355 369 2413 auribus
383 2356 493 2427 vestris,
508 2366 620 2433 propter
635 2354 836 2414 incredibilem
857 2354 1087 2431 magnitudinem
1108 2355 1236 2427 sceleris,

196 2441 233 2496 25
250 2435 391 2492 minorem
405 2435 491 2492 fidem
507 2435 616 2493 faceret
625 2436 717 2492 oratio
730 2453 805 2506 mea,
820 2453 881 2491 rem
896 2435 937 2491 ita
951 2435 1234 2510 comprehenderem,

250 2523 282 2569 ut
296 2523 357 2568 turn
371 2514 488 2571 demum
504 2513 607 2570 animis
621 2513 707 2571 saluti
727 2523 828 2570 vestrae
848 2513 1044 2590 provideretis,
1059 2512 1127 2570 crim
1144 2513 1237 2571 oculis

251 2591 426 2649 maleficium
441 2593 533 2668 ipsum
548 2593 690 2650 videretis.
734 2592 847 2668 Itaque,
862 2602 894 2650 ut
912 2593 1048 2668 comperi,
1063 2593 1172 2669 legatos
1186 2593 1237 2649 Al·

250 2669 409 2748 lobrogum,
433 2671 501 2729 belli
529 2671 717 2748 Transalpini
737 2682 767 2729 et
790 2672 930 2730 tumultris
956 2671 1063 2730 Gallici
1091 2671 1237 2731 excitandi

251 2751 350 2822 causti,
367 2770 383 2807 a
403 2751 435 2809 P.
455 2751 580 2809 Lentulo
600 2771 663 2810 esse
684 2751 861 2824 sollicitatos
876 2771 982 2828 eosque
1003 2752 1032 2808 in
1053 2751 1179 2808 Galliam
1200 2752 1237 2808 ad

197 2835 233 2890 30
250 2847 316 2888 suos
340 2829 428 2903 cives,
453 2832 611 2907 eodemque
632 2831 746 2902 itinere,
768 2850 835 2889 cum
858 2831 949 2889 literis
971 2832 1181 2906 mandatisque,
1201 2830 1237 2887 ad

250 2909 418 2982 Catilinam,
433 2931 496 2969 esse
518 2911 630 2984 missos,
655 2911 847 2986 comitemque
870 2911 905 2968 iis
928 2911 1096 2986 adjunctum
1121 2911 1238 2968 Vultur-

251 2990 339 3062 cium,
356 3001 441 3066 atque
456 2991 525 3048 huic
539 2992 622 3048 datas
632 3011 696 3050 esse
708 2991 744 3048 ad
758 2990 917 3049 Catilinam
931 2991 1047 3060 literas3
1070 2990 1237 3047 facultatem

250 3071 321 3127 mihi
335 3071 461 3129 oblatam
472 3071 579 3148 putavi,
591 3082 623 3129 ut
635 3071 725 3150 (quod
739 3080 801 3128 erat
815 3070 1018 3127 difficillimum
1021 3070 1172 3145 ‚quodque
1182 3089 1237 3145 ego

250 3169 362 3226 semper
369 3152 504 3227 optabam
516 3151 607 3208 aDiis
616 3150 838 3228 immortalibus)
849 3159 909 3208 tota
919 3168 974 3219 res
983 3169 1040 3206 non
1050 3147 1143 3206 solum
1153 3168 1170 3205 a
1180 3168 1237 3220 me,

196 3234 232 3289 35
250 3231 403 3287 sedetiam
419 3250 436 3287 a
449 3240 551 3287 senatu
566 3241 595 3288 et
610 3249 626 3288 a
640 3231 730 3300 vobis,
744 3227 897 3287 manifesto
913 3229 1183 3304 deprehenderetur.

289 3309 392 3384 Itaque
413 3310 548 3367 hesterno
567 3309 615 3367 die
635 3309 669 3367 L.
692 3275 833 3366 Flaccum
848 3319 877 3366 et
897 3307 932 3365 C.
954 3308 1148 3384 Pomptinum,
1169 3327 1238 3383 prae·

249 3398 335 3458 tores,
357 3387 525 3446 fortissimos
553 3398 638 3462 atque
670 3388 881 3446 amantissimos
908 3387 1074 3464 reipublice
1094 3387 1179 3457 viros,
1201 3387 1238 3444 ad

250 3486 297 3525 me
311 3466 428 3525 vocavi.
449 3486 511 3524 rem
524 3486 638 3526 omnem
653 3467 787 3544 exposui
808 3467 877 3542 quid
891 3467 954 3524 fieri
964 3468 1101 3544 placeret,
1115 3466 1237 3524 ostendi.

251 3546 298 3604 llli
314 3556 420 3619 autem,
437 3545 500 3622 (qui
520 3547 618 3604 omnia
638 3547 674 3605 de
695 3547 844 3623 republica
864 3547 1002 3624 praeclara
1021 3557 1106 3621 atque
1120 3545 1239 3634 egregia

197 3627 232 3681 40
250 3627 408 3706 sentirent)
426 3627 490 3685 siue
517 3626 710 3697 recusatione,
739 3643 774 3684 ac
800 3627 863 3685 sine
890 3627 950 3684 ulla
977 3645 1068 3697 mora,
1089 3625 1238 3702 negotium

250 3717 457 3782 susceperunt3
487 3716 526 3778 et,
548 3725 615 3764 cum
645 3706 905 3780 advesperasceret,
925 3704 1041 3764 occulte
1064 3706 1100 3762 ad
1122 3716 1238 3799 pontem

251 3783 394 3841 Mulvium
405 3795 613 3877 pervenerunt3
629 3795 715 3861 atque
726 3785 784 3842 ibi
778 3805 807 3842 m
818 3786 954 3876 proximis
964 3786 1057 3843 villis'
1051 3795 1091 3842 ιιι
1102 3781 1238 3860 bipartito

252 3863 377 3934 suerunt,
388 3875 419 3920 ut
429 3865 565 3923 Tiberis
559 3875 632 3923 mter
643 3885 692 3922 eos
703 3875 732 3923 et
741 3884 812 3940 pons
821 3865 980 3922 interesset
1016 3863 1129 3921 Eodem
1141 3874 1237 3920 autem

251 3951 280 3998 et
295 3941 358 4016 ipsi,
373 3943 435 4000 sine
450 3943 618 4018 cujusquam
634 3945 807 4021 suspicione,
822 3944 926 4000 multos
941 3943 1065 4001 sortes
1040 3963 1115 4000 viros
1133 3943 1237 3999 eduxe-
