<?xml version="1.0" encoding="UTF-8"?>
<!DOCTYPE html PUBLIC "-//W3C//DTD XHTML 1.0 Transitional//EN"
    "http://www.w3.org/TR/xhtml1/DTD/xhtml1-transitional.dtd">
<html xmlns="http://www.w3.org/1999/xhtml" xml:lang="en" lang="en">
 <head>
  <title>
</title>
<meta http-equiv="Content-Type" content="text/html;charset=utf-8" />
  <meta name='ocr-system' content='tesseract 3.04.00' />
  <meta name='ocr-capabilities' content='ocr_page ocr_carea ocr_par ocr_line ocrx_word'/>
</head>
<body>
  <div class='ocr_page' id='page_1' title='image "./mtciceronisorat00folsgoog/mtciceronisorat00folsgoog_0065.png"; bbox 0 0 2775 4425; ppageno 0'>
   <div class='ocr_carea' id='block_1_1' title="bbox 358 383 1178 449">
    <p class='ocr_par' dir='ltr' id='par_1_1' title="bbox 358 383 1178 449">
     <span class='ocr_line' id='line_1_1' title="bbox 358 383 1178 449; baseline 0.009 -16"><span class='ocrx_word' id='word_1_1' title='bbox 358 383 494 434; x_wconf 82' lang='lat' dir='ltr'>ORATlO</span> <span class='ocrx_word' id='word_1_2' title='bbox 517 383 586 435; x_wconf 84' lang='lat' dir='ltr'>PRO</span> <span class='ocrx_word' id='word_1_3' title='bbox 609 384 706 436; x_wconf 76' lang='lat' dir='ltr'><strong>LEGE</strong></span> <span class='ocrx_word' id='word_1_4' title='bbox 728 386 893 437; x_wconf 73' lang='lat' dir='ltr'>nantum.</span> <span class='ocrx_word' id='word_1_5' title='bbox 1135 390 1178 449; x_wconf 77' lang='grc'>59</span> 
     </span>
    </p>
   </div>
   <div class='ocr_carea' id='block_1_2' title="bbox 131 526 1174 2185">
    <p class='ocr_par' dir='ltr' id='par_1_2' title="bbox 133 526 1126 837">
     <span class='ocr_line' id='line_1_2' title="bbox 133 526 1126 605; baseline 0.005 -20"><span class='ocrx_word' id='word_1_6' title='bbox 133 526 291 605; x_wconf 79' lang='lat' dir='ltr'>Jugurtha,</span> <span class='ocrx_word' id='word_1_7' title='bbox 315 528 392 587; x_wconf 88' lang='lat' dir='ltr'>idern</span> <span class='ocrx_word' id='word_1_8' title='bbox 414 548 480 586; x_wconf 93' lang='lat' dir='ltr'>cum</span> <span class='ocrx_word' id='word_1_9' title='bbox 503 528 640 601; x_wconf 85' lang='lat' dir='ltr'>Cimbris,</span> <span class='ocrx_word' id='word_1_10' title='bbox 664 530 740 587; x_wconf 91' lang='lat' dir='ltr'>idem</span> <span class='ocrx_word' id='word_1_11' title='bbox 762 550 830 588; x_wconf 87' lang='lat' dir='ltr'>eum</span> <span class='ocrx_word' id='word_1_12' title='bbox 851 530 1004 603; x_wconf 83' lang='lat' dir='ltr'>Teutonis,</span> <span class='ocrx_word' id='word_1_13' title='bbox 1019 532 1126 591; x_wconf 89' lang='lat' dir='ltr'>bellum</span> 
     </span>
     <span class='ocr_line' id='line_1_3' title="bbox 134 608 1126 686; baseline 0.007 -22"><span class='ocrx_word' id='word_1_14' title='bbox 134 609 356 666; x_wconf 73' lang='lat' dir='ltr'>administraret.</span> <span class='ocrx_word' id='word_1_15' title='bbox 390 608 435 665; x_wconf 88' lang='lat' dir='ltr'>·ln</span> <span class='ocrx_word' id='word_1_16' title='bbox 458 608 517 684; x_wconf 90' lang='lat' dir='ltr'>ipso</span> <span class='ocrx_word' id='word_1_17' title='bbox 538 609 593 666; x_wconf 90' lang='lat' dir='ltr'>Cn.</span> <span class='ocrx_word' id='word_1_18' title='bbox 610 610 755 685; x_wconf 88' lang='lat' dir='ltr'>Pompeio,</span> <span class='ocrx_word' id='word_1_19' title='bbox 776 610 804 667; x_wconf 88' lang='lat' dir='ltr'>in</span> <span class='ocrx_word' id='word_1_20' title='bbox 826 629 882 686; x_wconf 94' lang='lat' dir='ltr'>quo</span> <span class='ocrx_word' id='word_1_21' title='bbox 903 612 967 669; x_wconf 85' lang='lat' dir='ltr'>novi</span> <span class='ocrx_word' id='word_1_22' title='bbox 990 612 1126 671; x_wconf 90' lang='lat' dir='ltr'>constitui</span> 
     </span>
     <span class='ocr_line' id='line_1_4' title="bbox 133 686 1124 763; baseline 0.005 -20"><span class='ocrx_word' id='word_1_23' title='bbox 133 687 205 744; x_wconf 89' lang='lat' dir='ltr'>nihil</span> <span class='ocrx_word' id='word_1_24' title='bbox 230 688 289 743; x_wconf 91' lang='lat' dir='ltr'>vult</span> <span class='ocrx_word' id='word_1_25' title='bbox 315 687 355 748; x_wconf 81' lang='lat' dir='ltr'>Q.</span> <span class='ocrx_word' id='word_1_26' title='bbox 379 687 510 757; x_wconf 85' lang='lat' dir='ltr'>Catulus,</span> <span class='ocrx_word' id='word_1_27' title='bbox 533 686 620 763; x_wconf 76' lang='lat' dir='ltr'>qubrn</span> <span class='ocrx_word' id='word_1_28' title='bbox 649 689 739 745; x_wconf 90' lang='lat' dir='ltr'>multa</span> <span class='ocrx_word' id='word_1_29' title='bbox 761 690 819 746; x_wconf 90' lang='lat' dir='ltr'>sint</span> <span class='ocrx_word' id='word_1_30' title='bbox 845 709 928 761; x_wconf 84' lang='lat' dir='ltr'>nova,</span> <span class='ocrx_word' id='word_1_31' title='bbox 950 693 1062 747; x_wconf 75' lang='lat' dir='ltr'>summa</span> <span class='ocrx_word' id='word_1_32' title='bbox 1083 693 1124 754; x_wconf 81' lang='lat' dir='ltr'>Q.</span> 
     </span>
     <span class='ocr_line' id='line_1_5' title="bbox 134 765 789 837; baseline 0.006 -16"><span class='ocrx_word' id='word_1_33' title='bbox 134 765 233 822; x_wconf 88' lang='lat' dir='ltr'>Catuli</span> <span class='ocrx_word' id='word_1_34' title='bbox 249 766 394 823; x_wconf 81' lang='lat' dir='ltr'>voluntate</span> <span class='ocrx_word' id='word_1_35' title='bbox 408 767 573 837; x_wconf 86' lang='lat' dir='ltr'>constituta,</span> <span class='ocrx_word' id='word_1_36' title='bbox 588 768 789 826; x_wconf 80' lang='lat' dir='ltr'><strong>recordamini.</strong></span> 
     </span>
    </p>

    <p class='ocr_par' dir='ltr' id='par_1_3' title="bbox 131 844 1174 2185">
     <span class='ocr_line' id='line_1_6' title="bbox 174 844 1174 922; baseline 0.007 -22"><span class='ocrx_word' id='word_1_37' title='bbox 174 844 262 901; x_wconf 89' lang='lat' dir='ltr'>XXI.</span> <span class='ocrx_word' id='word_1_38' title='bbox 296 845 379 906; x_wconf 80' lang='lat' dir='ltr'>Quid</span> <span class='ocrx_word' id='word_1_39' title='bbox 407 846 484 903; x_wconf 90' lang='lat' dir='ltr'>enim</span> <span class='ocrx_word' id='word_1_40' title='bbox 511 856 569 901; x_wconf 92' lang='lat' dir='ltr'>tam</span> <span class='ocrx_word' id='word_1_41' title='bbox 605 864 720 914; x_wconf 90' lang='lat' dir='ltr'>novum,</span> <span class='ocrx_word' id='word_1_42' title='bbox 747 845 834 922; x_wconf 72' lang='lat' dir='ltr'>quarn</span> <span class='ocrx_word' id='word_1_43' title='bbox 868 847 1124 921; x_wconf 89' lang='lat' dir='ltr'>adolescentulum,</span> <span class='ocrx_word' id='word_1_44' title='bbox 1156 847 1174 900; x_wconf 84' lang='lat'><strong>5</strong></span> 
     </span>
     <span class='ocr_line' id='line_1_7' title="bbox 133 923 1124 1003; baseline 0.008 -24"><span class='ocrx_word' id='word_1_45' title='bbox 133 923 287 999; x_wconf 82' lang='lat' dir='ltr'>privatum,</span> <span class='ocrx_word' id='word_1_46' title='bbox 307 924 465 981; x_wconf 87' lang='lat' dir='ltr'>exercitum</span> <span class='ocrx_word' id='word_1_47' title='bbox 487 924 597 981; x_wconf 86' lang='lat' dir='ltr'>difficili</span> <span class='ocrx_word' id='word_1_48' title='bbox 625 925 791 1000; x_wconf 74' lang='lat' dir='ltr'>reipublicae</span> <span class='ocrx_word' id='word_1_49' title='bbox 815 936 941 1003; x_wconf 89' lang='lat' dir='ltr'>tempore</span> <span class='ocrx_word' id='word_1_50' title='bbox 962 928 1124 987; x_wconf 82' lang='lat' dir='ltr'>conficerel</span> 
     </span>
     <span class='ocr_line' id='line_1_8' title="bbox 134 1001 1126 1081; baseline 0.008 -23"><span class='ocrx_word' id='word_1_51' title='bbox 134 1001 278 1059; x_wconf 80' lang='lat' dir='ltr'><strong>confecit:</strong></span> <span class='ocrx_word' id='word_1_52' title='bbox 306 1002 375 1059; x_wconf 93' lang='lat' dir='ltr'>huic</span> <span class='ocrx_word' id='word_1_53' title='bbox 398 1004 540 1079; x_wconf 68' lang='lat' dir='ltr'>praesse?</span> <span class='ocrx_word' id='word_1_54' title='bbox 574 1002 703 1079; x_wconf 77' lang='lat' dir='ltr'>prefuit:</span> <span class='ocrx_word' id='word_1_55' title='bbox 735 1024 796 1063; x_wconf 88' lang='lat' dir='ltr'>rem</span> <span class='ocrx_word' id='word_1_56' title='bbox 822 1004 929 1081; x_wconf 72' lang='lat' dir='ltr'>optimc</span> <span class='ocrx_word' id='word_1_57' title='bbox 956 1008 1046 1064; x_wconf 89' lang='lat' dir='ltr'>ductu</span> <span class='ocrx_word' id='word_1_58' title='bbox 1073 1028 1126 1067; x_wconf 91' lang='lat' dir='ltr'>suo</span> 
     </span>
     <span class='ocr_line' id='line_1_9' title="bbox 133 1082 1124 1161; baseline 0.006 -24"><span class='ocrx_word' id='word_1_59' title='bbox 133 1082 255 1157; x_wconf 89' lang='lat' dir='ltr'>gererel</span> <span class='ocrx_word' id='word_1_60' title='bbox 289 1082 386 1158; x_wconf 86' lang='lat' dir='ltr'>gessit.</span> <span class='ocrx_word' id='word_1_61' title='bbox 435 1082 519 1143; x_wconf 80' lang='lat' dir='ltr'>Quid</span> <span class='ocrx_word' id='word_1_62' title='bbox 546 1092 606 1138; x_wconf 87' lang='lat' dir='ltr'>tant</span> <span class='ocrx_word' id='word_1_63' title='bbox 633 1092 735 1159; x_wconf 80' lang='lat' dir='ltr'>prater</span> <span class='ocrx_word' id='word_1_64' title='bbox 761 1084 1010 1157; x_wconf 90' lang='lat' dir='ltr'>consuetudinem,</span> <span class='ocrx_word' id='word_1_65' title='bbox 1037 1085 1124 1161; x_wconf 73' lang='lat' dir='ltr'>quam</span> 
     </span>
     <span class='ocr_line' id='line_1_10' title="bbox 134 1160 1123 1242; baseline 0.007 -27"><span class='ocrx_word' id='word_1_66' title='bbox 134 1160 242 1217; x_wconf 92' lang='lat' dir='ltr'>homini</span> <span class='ocrx_word' id='word_1_67' title='bbox 264 1161 501 1236; x_wconf 86' lang='lat' dir='ltr'>peradolescenti,</span> <span class='ocrx_word' id='word_1_68' title='bbox 521 1160 604 1236; x_wconf 87' lang='lat' dir='ltr'>cujus</span> <span class='ocrx_word' id='word_1_69' title='bbox 628 1180 645 1218; x_wconf 91' lang='lat' dir='ltr'>a</span> <span class='ocrx_word' id='word_1_70' title='bbox 667 1163 811 1220; x_wconf 87' lang='lat' dir='ltr'>senatorio</span> <span class='ocrx_word' id='word_1_71' title='bbox 831 1163 922 1241; x_wconf 87' lang='lat' dir='ltr'>gradu</span> <span class='ocrx_word' id='word_1_72' title='bbox 945 1175 1015 1221; x_wconf 81' lang='lat' dir='ltr'>etas</span> <span class='ocrx_word' id='word_1_73' title='bbox 1037 1163 1123 1242; x_wconf 78' lang='lat' dir='ltr'>longd</span> 
     </span>
     <span class='ocr_line' id='line_1_11' title="bbox 134 1239 1174 1318; baseline 0.005 -24"><span class='ocrx_word' id='word_1_74' title='bbox 134 1239 257 1309; x_wconf 89' lang='lat' dir='ltr'>abesset,</span> <span class='ocrx_word' id='word_1_75' title='bbox 273 1239 423 1315; x_wconf 91' lang='lat' dir='ltr'>imperium</span> <span class='ocrx_word' id='word_1_76' title='bbox 446 1251 530 1315; x_wconf 87' lang='lat' dir='ltr'>atque</span> <span class='ocrx_word' id='word_1_77' title='bbox 551 1240 709 1297; x_wconf 86' lang='lat' dir='ltr'>exercitum</span> <span class='ocrx_word' id='word_1_78' title='bbox 724 1241 807 1299; x_wconf 83' lang='lat' dir='ltr'>daril</span> <span class='ocrx_word' id='word_1_79' title='bbox 841 1242 973 1299; x_wconf 87' lang='lat' dir='ltr'>Siciliam</span> <span class='ocrx_word' id='word_1_80' title='bbox 986 1245 1123 1318; x_wconf 83' lang='lat' dir='ltr'>permitti,</span> <span class='ocrx_word' id='word_1_81' title='bbox 1140 1245 1174 1299; x_wconf 87' lang='lat'>10</span> 
     </span>
     <span class='ocr_line' id='line_1_12' title="bbox 134 1318 1124 1393; baseline 0.008 -20"><span class='ocrx_word' id='word_1_82' title='bbox 134 1328 220 1391; x_wconf 88' lang='lat' dir='ltr'>atque</span> <span class='ocrx_word' id='word_1_83' title='bbox 235 1318 377 1389; x_wconf 83' lang='lat' dir='ltr'>Africam,</span> <span class='ocrx_word' id='word_1_84' title='bbox 393 1318 557 1393; x_wconf 78' lang='lat' dir='ltr'>bellumque</span> <span class='ocrx_word' id='word_1_85' title='bbox 579 1319 608 1377; x_wconf 93' lang='lat' dir='ltr'>in</span> <span class='ocrx_word' id='word_1_86' title='bbox 631 1319 666 1375; x_wconf 81' lang='lat' dir='ltr'>etl</span> <span class='ocrx_word' id='word_1_87' title='bbox 689 1320 969 1377; x_wconf 88' lang='lat' dir='ltr'>administranduml</span> <span class='ocrx_word' id='word_1_88' title='bbox 1004 1321 1072 1380; x_wconf 82' lang='lat' dir='ltr'>Fuit</span> <span class='ocrx_word' id='word_1_89' title='bbox 1094 1324 1124 1381; x_wconf 88' lang='lat' dir='ltr'>in</span> 
     </span>
     <span class='ocr_line' id='line_1_13' title="bbox 133 1396 1124 1474; baseline 0.005 -22"><span class='ocrx_word' id='word_1_90' title='bbox 133 1396 179 1453; x_wconf 88' lang='lat' dir='ltr'>his</span> <span class='ocrx_word' id='word_1_91' title='bbox 192 1398 347 1472; x_wconf 82' lang='lat' dir='ltr'>provinciis</span> <span class='ocrx_word' id='word_1_92' title='bbox 365 1397 503 1474; x_wconf 83' lang='lat' dir='ltr'>singulari</span> <span class='ocrx_word' id='word_1_93' title='bbox 519 1398 697 1468; x_wconf 74' lang='lat' dir='ltr'>innocentii,</span> <span class='ocrx_word' id='word_1_94' title='bbox 711 1399 860 1474; x_wconf 80' lang='lat' dir='ltr'>gravitate,</span> <span class='ocrx_word' id='word_1_95' title='bbox 875 1399 996 1457; x_wconf 87' lang='lat' dir='ltr'>virtute:</span> <span class='ocrx_word' id='word_1_96' title='bbox 1017 1401 1124 1458; x_wconf 87' lang='lat' dir='ltr'>bellurn</span> 
     </span>
     <span class='ocr_line' id='line_1_14' title="bbox 132 1476 1123 1553; baseline 0.005 -21"><span class='ocrx_word' id='word_1_97' title='bbox 132 1476 163 1532; x_wconf 94' lang='lat' dir='ltr'>in</span> <span class='ocrx_word' id='word_1_98' title='bbox 180 1476 282 1533; x_wconf 70' lang='lat' dir='ltr'>Africa</span> <span class='ocrx_word' id='word_1_99' title='bbox 297 1476 453 1534; x_wconf 83' lang='lat' dir='ltr'>maximum</span> <span class='ocrx_word' id='word_1_100' title='bbox 468 1477 609 1547; x_wconf 82' lang='lat' dir='ltr'>confecit;</span> <span class='ocrx_word' id='word_1_101' title='bbox 632 1477 768 1533; x_wconf 86' lang='lat' dir='ltr'>victorem</span> <span class='ocrx_word' id='word_1_102' title='bbox 783 1478 941 1534; x_wconf 82' lang='lat' dir='ltr'>exercitum</span> <span class='ocrx_word' id='word_1_103' title='bbox 958 1478 1123 1553; x_wconf 82' lang='lat' dir='ltr'>deportavit.</span> 
     </span>
     <span class='ocr_line' id='line_1_15' title="bbox 132 1553 1125 1631; baseline -0.002 -16"><span class='ocrx_word' id='word_1_104' title='bbox 132 1554 214 1615; x_wconf 80' lang='lat' dir='ltr'>Quid</span> <span class='ocrx_word' id='word_1_105' title='bbox 230 1553 298 1612; x_wconf 79' lang='lat' dir='ltr'>verb</span> <span class='ocrx_word' id='word_1_106' title='bbox 321 1566 379 1612; x_wconf 90' lang='lat' dir='ltr'>tam</span> <span class='ocrx_word' id='word_1_107' title='bbox 402 1556 574 1626; x_wconf 88' lang='lat' dir='ltr'>inauditum,</span> <span class='ocrx_word' id='word_1_108' title='bbox 589 1554 675 1631; x_wconf 77' lang='lat' dir='ltr'>quam</span> <span class='ocrx_word' id='word_1_109' title='bbox 698 1556 824 1631; x_wconf 87' lang='lat' dir='ltr'>equitem</span> <span class='ocrx_word' id='word_1_110' title='bbox 846 1555 1012 1613; x_wconf 55' lang='lat' dir='ltr'>&amp;manum</span> <span class='ocrx_word' id='word_1_111' title='bbox 1026 1558 1125 1614; x_wconf 89' lang='lat' dir='ltr'>trium·</span> 
     </span>
     <span class='ocr_line' id='line_1_16' title="bbox 131 1633 1174 1711; baseline 0.008 -22"><span class='ocrx_word' id='word_1_112' title='bbox 131 1633 241 1709; x_wconf 87' lang='lat' dir='ltr'>pharel</span> <span class='ocrx_word' id='word_1_113' title='bbox 272 1645 301 1691; x_wconf 90' lang='lat' dir='ltr'>at</span> <span class='ocrx_word' id='word_1_114' title='bbox 328 1652 392 1691; x_wconf 87' lang='lat' dir='ltr'>earn</span> <span class='ocrx_word' id='word_1_115' title='bbox 413 1654 525 1709; x_wconf 90' lang='lat' dir='ltr'>quoque</span> <span class='ocrx_word' id='word_1_116' title='bbox 549 1654 609 1693; x_wconf 89' lang='lat' dir='ltr'>rem</span> <span class='ocrx_word' id='word_1_117' title='bbox 633 1634 754 1711; x_wconf 90' lang='lat' dir='ltr'>populus</span> <span class='ocrx_word' id='word_1_118' title='bbox 780 1634 932 1693; x_wconf 88' lang='lat' dir='ltr'>Romanus</span> <span class='ocrx_word' id='word_1_119' title='bbox 954 1654 1011 1692; x_wconf 92' lang='lat' dir='ltr'>non</span> <span class='ocrx_word' id='word_1_120' title='bbox 1039 1636 1124 1694; x_wconf 78' lang='lat' dir='ltr'>modo</span> <span class='ocrx_word' id='word_1_121' title='bbox 1142 1644 1174 1697; x_wconf 82' lang='lat'>15</span> 
     </span>
     <span class='ocr_line' id='line_1_17' title="bbox 132 1712 1124 1783; baseline 0.005 -15"><span class='ocrx_word' id='word_1_122' title='bbox 132 1712 213 1783; x_wconf 87' lang='lat' dir='ltr'>vidit,</span> <span class='ocrx_word' id='word_1_123' title='bbox 236 1713 288 1769; x_wconf 89' lang='lat' dir='ltr'>sed</span> <span class='ocrx_word' id='word_1_124' title='bbox 311 1714 398 1770; x_wconf 87' lang='lat' dir='ltr'>etiam</span> <span class='ocrx_word' id='word_1_125' title='bbox 424 1714 503 1771; x_wconf 91' lang='lat' dir='ltr'>omni</span> <span class='ocrx_word' id='word_1_126' title='bbox 527 1714 621 1771; x_wconf 91' lang='lat' dir='ltr'>studio</span> <span class='ocrx_word' id='word_1_127' title='bbox 643 1714 791 1771; x_wconf 89' lang='lat' dir='ltr'>visendam</span> <span class='ocrx_word' id='word_1_128' title='bbox 813 1725 842 1771; x_wconf 92' lang='lat' dir='ltr'>et</span> <span class='ocrx_word' id='word_1_129' title='bbox 863 1714 1124 1773; x_wconf 81' lang='lat' dir='ltr'>concelebrandam</span> 
     </span>
     <span class='ocr_line' id='line_1_18' title="bbox 131 1791 1124 1867; baseline 0.006 -20"><span class='ocrx_word' id='word_1_130' title='bbox 131 1792 251 1867; x_wconf 82' lang='lat' dir='ltr'>putavit</span> <span class='ocrx_word' id='word_1_131' title='bbox 291 1792 375 1854; x_wconf 80' lang='lat' dir='ltr'>Quid</span> <span class='ocrx_word' id='word_1_132' title='bbox 397 1803 456 1849; x_wconf 89' lang='lat' dir='ltr'>tarn</span> <span class='ocrx_word' id='word_1_133' title='bbox 480 1793 658 1863; x_wconf 87' lang='lat' dir='ltr'>inusitatum,</span> <span class='ocrx_word' id='word_1_134' title='bbox 673 1791 760 1867; x_wconf 76' lang='lat' dir='ltr'>quarn</span> <span class='ocrx_word' id='word_1_135' title='bbox 781 1792 1124 1864; x_wconf 84' lang='lat' dir='ltr'>ut,ci1mduoconsules</span> 
     </span>
     <span class='ocr_line' id='line_1_19' title="bbox 132 1869 1123 1947; baseline 0.004 -20"><span class='ocrx_word' id='word_1_136' title='bbox 132 1869 286 1928; x_wconf 81' lang='lat' dir='ltr'>clarissimi</span> <span class='ocrx_word' id='word_1_137' title='bbox 309 1871 510 1946; x_wconf 83' lang='lat' dir='ltr'>fortissimique</span> <span class='ocrx_word' id='word_1_138' title='bbox 538 1882 644 1943; x_wconf 87' lang='lat' dir='ltr'>essent,</span> <span class='ocrx_word' id='word_1_139' title='bbox 666 1890 753 1947; x_wconf 89' lang='lat' dir='ltr'>eques</span> <span class='ocrx_word' id='word_1_140' title='bbox 780 1872 933 1931; x_wconf 85' lang='lat' dir='ltr'>Romanus</span> <span class='ocrx_word' id='word_1_141' title='bbox 955 1874 991 1930; x_wconf 88' lang='lat' dir='ltr'>ad</span> <span class='ocrx_word' id='word_1_142' title='bbox 1015 1874 1123 1931; x_wconf 89' lang='lat' dir='ltr'>bellum</span> 
     </span>
     <span class='ocr_line' id='line_1_20' title="bbox 133 1950 1123 2027; baseline 0.004 -20"><span class='ocrx_word' id='word_1_143' title='bbox 133 1950 291 2007; x_wconf 84' lang='lat' dir='ltr'>maximum</span> <span class='ocrx_word' id='word_1_144' title='bbox 324 1951 672 2026; x_wconf 83' lang='lat' dir='ltr'>formidolosissimumque</span> <span class='ocrx_word' id='word_1_145' title='bbox 706 1971 757 2027; x_wconf 93' lang='lat' dir='ltr'>pro</span> <span class='ocrx_word' id='word_1_146' title='bbox 790 1952 908 2009; x_wconf 91' lang='lat' dir='ltr'>consule</span> <span class='ocrx_word' id='word_1_147' title='bbox 941 1953 1123 2011; x_wconf 89' lang='lat' dir='ltr'>mittereturl</span> 
     </span>
     <span class='ocr_line' id='line_1_21' title="bbox 132 2028 1173 2105; baseline 0.005 -22"><span class='ocrx_word' id='word_1_148' title='bbox 132 2028 238 2085; x_wconf 91' lang='lat' dir='ltr'>missus</span> <span class='ocrx_word' id='word_1_149' title='bbox 259 2039 311 2087; x_wconf 88' lang='lat' dir='ltr'>est</span> <span class='ocrx_word' id='word_1_150' title='bbox 351 2029 422 2091; x_wconf 84' lang='lat' dir='ltr'>Quo</span> <span class='ocrx_word' id='word_1_151' title='bbox 443 2030 558 2104; x_wconf 88' lang='lat' dir='ltr'>quidem</span> <span class='ocrx_word' id='word_1_152' title='bbox 580 2041 717 2105; x_wconf 89' lang='lat' dir='ltr'>tempore,</span> <span class='ocrx_word' id='word_1_153' title='bbox 741 2028 809 2087; x_wconf 73' lang='lat' dir='ltr'>etim</span> <span class='ocrx_word' id='word_1_154' title='bbox 831 2042 907 2088; x_wconf 88' lang='lat' dir='ltr'>esset</span> <span class='ocrx_word' id='word_1_155' title='bbox 928 2050 1072 2089; x_wconf 91' lang='lat' dir='ltr'>nonnemo</span> <span class='ocrx_word' id='word_1_156' title='bbox 1093 2032 1122 2090; x_wconf 92' lang='lat' dir='ltr'>in</span> <span class='ocrx_word' id='word_1_157' title='bbox 1136 2034 1173 2088; x_wconf 68' lang='lat'>20</span> 
     </span>
     <span class='ocr_line' id='line_1_22' title="bbox 132 2108 1122 2185; baseline 0.004 -22"><span class='ocrx_word' id='word_1_158' title='bbox 132 2118 246 2178; x_wconf 86' lang='lat' dir='ltr'>senatu,</span> <span class='ocrx_word' id='word_1_159' title='bbox 260 2109 309 2183; x_wconf 92' lang='lat' dir='ltr'>qui</span> <span class='ocrx_word' id='word_1_160' title='bbox 323 2109 442 2179; x_wconf 91' lang='lat' dir='ltr'>diceret,</span> <span class='ocrx_word' id='word_1_161' title='bbox 457 2108 553 2166; x_wconf 90' lang='lat' dir='ltr'>“Non</span> <span class='ocrx_word' id='word_1_162' title='bbox 568 2119 697 2185; x_wconf 85' lang='lat' dir='ltr'>oportere</span> <span class='ocrx_word' id='word_1_163' title='bbox 718 2109 792 2165; x_wconf 91' lang='lat' dir='ltr'>mitti</span> <span class='ocrx_word' id='word_1_164' title='bbox 815 2110 959 2167; x_wconf 90' lang='lat' dir='ltr'>hominem</span> <span class='ocrx_word' id='word_1_165' title='bbox 982 2111 1122 2185; x_wconf 84' lang='lat' dir='ltr'>privatum</span> 
     </span>
    </p>
   </div>
   <div class='ocr_carea' id='block_1_3' title="bbox 131 2186 1174 2482">
    <p class='ocr_par' dir='ltr' id='par_1_4' title="bbox 131 2186 1174 2482">
     <span class='ocr_line' id='line_1_23' title="bbox 131 2186 1124 2264; baseline 0.002 -21"><span class='ocrx_word' id='word_1_166' title='bbox 131 2204 184 2262; x_wconf 94' lang='lat' dir='ltr'>pro</span> <span class='ocrx_word' id='word_1_167' title='bbox 205 2188 323 2246; x_wconf 90' lang='lat' dir='ltr'>consule</span> <span class='ocrx_word' id='word_1_168' title='bbox 332 2188 358 2258; x_wconf 88' lang='grc'>;”</span> <span class='ocrx_word' id='word_1_169' title='bbox 381 2187 413 2245; x_wconf 91' lang='lat' dir='ltr'>L.</span> <span class='ocrx_word' id='word_1_170' title='bbox 438 2187 585 2264; x_wconf 90' lang='lat' dir='ltr'>Philippus</span> <span class='ocrx_word' id='word_1_171' title='bbox 606 2188 714 2245; x_wconf 86' lang='lat' dir='ltr'>dixisse</span> <span class='ocrx_word' id='word_1_172' title='bbox 735 2188 852 2258; x_wconf 86' lang='lat' dir='ltr'>dicitur,</span> <span class='ocrx_word' id='word_1_173' title='bbox 870 2186 968 2245; x_wconf 88' lang='lat' dir='ltr'>“Non</span> <span class='ocrx_word' id='word_1_174' title='bbox 989 2206 1021 2246; x_wconf 91' lang='lat' dir='ltr'>se</span> <span class='ocrx_word' id='word_1_175' title='bbox 1044 2188 1124 2245; x_wconf 89' lang='lat' dir='ltr'>illurn</span> 
     </span>
     <span class='ocr_line' id='line_1_24' title="bbox 132 2265 1123 2343; baseline 0.003 -23"><span class='ocrx_word' id='word_1_176' title='bbox 132 2265 186 2321; x_wconf 71' lang='lat' dir='ltr'>sud</span> <span class='ocrx_word' id='word_1_177' title='bbox 214 2267 357 2324; x_wconf 75' lang='lat' dir='ltr'>sententia</span> <span class='ocrx_word' id='word_1_178' title='bbox 383 2287 434 2343; x_wconf 92' lang='lat' dir='ltr'>pro</span> <span class='ocrx_word' id='word_1_179' title='bbox 460 2267 589 2337; x_wconf 91' lang='lat' dir='ltr'>consule,</span> <span class='ocrx_word' id='word_1_180' title='bbox 616 2267 667 2324; x_wconf 91' lang='lat' dir='ltr'>sed</span> <span class='ocrx_word' id='word_1_181' title='bbox 700 2286 752 2342; x_wconf 91' lang='lat' dir='ltr'>pro</span> <span class='ocrx_word' id='word_1_182' title='bbox 778 2266 955 2337; x_wconf 89' lang='lat' dir='ltr'>consulibus,</span> <span class='ocrx_word' id='word_1_183' title='bbox 981 2266 1123 2323; x_wconf 87' lang='lat' dir='ltr'>mittere.”</span> 
     </span>
     <span class='ocr_line' id='line_1_25' title="bbox 132 2343 1124 2422; baseline 0.002 -22"><span class='ocrx_word' id='word_1_184' title='bbox 132 2343 233 2402; x_wconf 88' lang='lat' dir='ltr'>Tanta</span> <span class='ocrx_word' id='word_1_185' title='bbox 254 2346 284 2402; x_wconf 92' lang='lat' dir='ltr'>in</span> <span class='ocrx_word' id='word_1_186' title='bbox 306 2365 341 2404; x_wconf 88' lang='lat' dir='ltr'>eo</span> <span class='ocrx_word' id='word_1_187' title='bbox 362 2347 527 2422; x_wconf 69' lang='lat' dir='ltr'>reipublicae</span> <span class='ocrx_word' id='word_1_188' title='bbox 550 2345 624 2402; x_wconf 74' lang='lat' dir='ltr'>bene</span> <span class='ocrx_word' id='word_1_189' title='bbox 649 2346 783 2422; x_wconf 74' lang='lat' dir='ltr'>gerenda</span> <span class='ocrx_word' id='word_1_190' title='bbox 801 2365 865 2421; x_wconf 88' lang='lat' dir='ltr'>spes</span> <span class='ocrx_word' id='word_1_191' title='bbox 888 2345 1124 2417; x_wconf 84' lang='lat' dir='ltr'>constituebatur,</span> 
     </span>
     <span class='ocr_line' id='line_1_26' title="bbox 132 2423 1174 2482; baseline 0.002 -4"><span class='ocrx_word' id='word_1_192' title='bbox 132 2433 165 2479; x_wconf 93' lang='lat' dir='ltr'>ut</span> <span class='ocrx_word' id='word_1_193' title='bbox 179 2423 301 2481; x_wconf 90' lang='lat' dir='ltr'>duorum</span> <span class='ocrx_word' id='word_1_194' title='bbox 315 2426 465 2482; x_wconf 90' lang='lat' dir='ltr'>consulum</span> <span class='ocrx_word' id='word_1_195' title='bbox 487 2443 592 2481; x_wconf 90' lang='lat' dir='ltr'>munus</span> <span class='ocrx_word' id='word_1_196' title='bbox 617 2425 703 2482; x_wconf 89' lang='lat' dir='ltr'>unius</span> <span class='ocrx_word' id='word_1_197' title='bbox 725 2425 916 2482; x_wconf 88' lang='lat' dir='ltr'>adolescentis</span> <span class='ocrx_word' id='word_1_198' title='bbox 930 2424 1026 2481; x_wconf 83' lang='lat' dir='ltr'>virtuti</span> <span class='ocrx_word' id='word_1_199' title='bbox 1048 2443 1125 2482; x_wconf 88' lang='lat' dir='ltr'>conr·</span> <span class='ocrx_word' id='word_1_200' title='bbox 1137 2427 1174 2480; x_wconf 76' lang='lat'>25</span> 
     </span>
    </p>
   </div>
   <div class='ocr_carea' id='block_1_4' title="bbox 132 2502 1174 3998">
    <p class='ocr_par' dir='ltr' id='par_1_5' title="bbox 132 2502 1174 3998">
     <span class='ocr_line' id='line_1_27' title="bbox 133 2502 1125 2580; baseline 0.006 -23"><span class='ocrx_word' id='word_1_201' title='bbox 133 2502 303 2560; x_wconf 86' lang='lat' dir='ltr'>mitteretur.</span> <span class='ocrx_word' id='word_1_202' title='bbox 343 2503 427 2565; x_wconf 80' lang='lat' dir='ltr'>Quid</span> <span class='ocrx_word' id='word_1_203' title='bbox 448 2514 508 2560; x_wconf 88' lang='lat' dir='ltr'>tam</span> <span class='ocrx_word' id='word_1_204' title='bbox 530 2503 685 2580; x_wconf 87' lang='lat' dir='ltr'>singulare,</span> <span class='ocrx_word' id='word_1_205' title='bbox 700 2503 787 2579; x_wconf 71' lang='lat' dir='ltr'>quam</span> <span class='ocrx_word' id='word_1_206' title='bbox 809 2515 850 2575; x_wconf 91' lang='lat' dir='ltr'>ut,</span> <span class='ocrx_word' id='word_1_207' title='bbox 872 2524 908 2562; x_wconf 83' lang='lat' dir='ltr'>ex</span> <span class='ocrx_word' id='word_1_208' title='bbox 929 2504 1125 2563; x_wconf 76' lang='lat' dir='ltr'>senates-oon-</span> 
     </span>
     <span class='ocr_line' id='line_1_28' title="bbox 133 2581 1124 2660; baseline 0.006 -24"><span class='ocrx_word' id='word_1_209' title='bbox 133 2581 218 2651; x_wconf 92' lang='lat' dir='ltr'>sulto,</span> <span class='ocrx_word' id='word_1_210' title='bbox 233 2582 345 2658; x_wconf 91' lang='lat' dir='ltr'>legibus</span> <span class='ocrx_word' id='word_1_211' title='bbox 362 2583 479 2653; x_wconf 89' lang='lat' dir='ltr'>solutus,</span> <span class='ocrx_word' id='word_1_212' title='bbox 495 2583 594 2639; x_wconf 90' lang='lat' dir='ltr'>consul</span> <span class='ocrx_word' id='word_1_213' title='bbox 618 2582 684 2640; x_wconf 74' lang='lat' dir='ltr'>ante</span> <span class='ocrx_word' id='word_1_214' title='bbox 709 2583 800 2654; x_wconf 88' lang='lat' dir='ltr'>fieret,</span> <span class='ocrx_word' id='word_1_215' title='bbox 814 2582 900 2660; x_wconf 73' lang='lat' dir='ltr'>quam</span> <span class='ocrx_word' id='word_1_216' title='bbox 922 2584 1012 2641; x_wconf 93' lang='lat' dir='ltr'>ullum</span> <span class='ocrx_word' id='word_1_217' title='bbox 1035 2585 1124 2642; x_wconf 89' lang='lat' dir='ltr'>alium</span> 
     </span>
     <span class='ocr_line' id='line_1_29' title="bbox 133 2660 1122 2739; baseline 0.006 -24"><span class='ocrx_word' id='word_1_218' title='bbox 133 2660 332 2736; x_wconf 89' lang='lat' dir='ltr'>magistratum</span> <span class='ocrx_word' id='word_1_219' title='bbox 346 2681 396 2737; x_wconf 91' lang='lat' dir='ltr'>per</span> <span class='ocrx_word' id='word_1_220' title='bbox 411 2661 489 2738; x_wconf 87' lang='lat' dir='ltr'>leges</span> <span class='ocrx_word' id='word_1_221' title='bbox 504 2680 606 2737; x_wconf 86' lang='lat' dir='ltr'>capere</span> <span class='ocrx_word' id='word_1_222' title='bbox 621 2663 771 2720; x_wconf 88' lang='lat' dir='ltr'>licuissetl</span> <span class='ocrx_word' id='word_1_223' title='bbox 792 2664 859 2739; x_wconf 91' lang='lat' dir='ltr'>quid</span> <span class='ocrx_word' id='word_1_224' title='bbox 871 2674 930 2720; x_wconf 90' lang='lat' dir='ltr'>tam</span> <span class='ocrx_word' id='word_1_225' title='bbox 942 2663 1122 2735; x_wconf 86' lang='lat' dir='ltr'>incredibile,</span> 
     </span>
     <span class='ocr_line' id='line_1_30' title="bbox 132 2737 1125 2815; baseline 0.005 -21"><span class='ocrx_word' id='word_1_226' title='bbox 132 2737 219 2813; x_wconf 74' lang='lat' dir='ltr'>quarn</span> <span class='ocrx_word' id='word_1_227' title='bbox 235 2749 266 2795; x_wconf 94' lang='lat' dir='ltr'>ut</span> <span class='ocrx_word' id='word_1_228' title='bbox 286 2739 390 2797; x_wconf 91' lang='lat' dir='ltr'>iterum</span> <span class='ocrx_word' id='word_1_229' title='bbox 406 2759 494 2815; x_wconf 87' lang='lat' dir='ltr'>eques</span> <span class='ocrx_word' id='word_1_230' title='bbox 516 2739 667 2798; x_wconf 91' lang='lat' dir='ltr'>Romanus</span> <span class='ocrx_word' id='word_1_231' title='bbox 689 2761 723 2799; x_wconf 85' lang='lat' dir='ltr'>ex</span> <span class='ocrx_word' id='word_1_232' title='bbox 746 2743 1004 2800; x_wconf 74' lang='lat' dir='ltr'>senatus-consulto</span> <span class='ocrx_word' id='word_1_233' title='bbox 1025 2743 1125 2800; x_wconf 91' lang='lat' dir='ltr'>trium·</span> 
     </span>
     <span class='ocr_line' id='line_1_31' title="bbox 132 2818 1173 2896; baseline 0.006 -22"><span class='ocrx_word' id='word_1_234' title='bbox 132 2819 253 2893; x_wconf 89' lang='lat' dir='ltr'>pharetl</span> <span class='ocrx_word' id='word_1_235' title='bbox 286 2818 365 2879; x_wconf 76' lang='lat' dir='ltr'>Qua</span> <span class='ocrx_word' id='word_1_236' title='bbox 387 2819 417 2876; x_wconf 91' lang='lat' dir='ltr'>in</span> <span class='ocrx_word' id='word_1_237' title='bbox 440 2819 573 2876; x_wconf 87' lang='lat' dir='ltr'>omnibus</span> <span class='ocrx_word' id='word_1_238' title='bbox 597 2821 761 2878; x_wconf 91' lang='lat' dir='ltr'>hominibus</span> <span class='ocrx_word' id='word_1_239' title='bbox 787 2840 860 2878; x_wconf 81' lang='lat' dir='ltr'>nova</span> <span class='ocrx_word' id='word_1_240' title='bbox 886 2831 948 2896; x_wconf 89' lang='lat' dir='ltr'>post</span> <span class='ocrx_word' id='word_1_241' title='bbox 975 2821 1123 2878; x_wconf 86' lang='lat' dir='ltr'>bominum</span> <span class='ocrx_word' id='word_1_242' title='bbox 1136 2827 1173 2880; x_wconf 77' lang='lat'>30</span> 
     </span>
     <span class='ocr_line' id='line_1_32' title="bbox 132 2897 1124 2972; baseline 0.002 -20"><span class='ocrx_word' id='word_1_243' title='bbox 132 2897 301 2954; x_wconf 87' lang='lat' dir='ltr'>memoriam</span> <span class='ocrx_word' id='word_1_244' title='bbox 324 2898 480 2955; x_wconf 89' lang='lat' dir='ltr'>constituta</span> <span class='ocrx_word' id='word_1_245' title='bbox 503 2908 579 2970; x_wconf 89' lang='lat' dir='ltr'>sunt,</span> <span class='ocrx_word' id='word_1_246' title='bbox 602 2917 637 2956; x_wconf 90' lang='lat' dir='ltr'>ea</span> <span class='ocrx_word' id='word_1_247' title='bbox 660 2910 719 2956; x_wconf 89' lang='lat' dir='ltr'>tam</span> <span class='ocrx_word' id='word_1_248' title='bbox 743 2900 833 2955; x_wconf 85' lang='lat' dir='ltr'>multa</span> <span class='ocrx_word' id='word_1_249' title='bbox 856 2919 914 2955; x_wconf 89' lang='lat' dir='ltr'>non</span> <span class='ocrx_word' id='word_1_250' title='bbox 936 2908 1012 2967; x_wconf 93' lang='lat' dir='ltr'>sunt,</span> <span class='ocrx_word' id='word_1_251' title='bbox 1037 2899 1124 2972; x_wconf 75' lang='lat' dir='ltr'>quam</span> 
     </span>
     <span class='ocr_line' id='line_1_33' title="bbox 132 2975 1125 3051; baseline 0.001 -19"><span class='ocrx_word' id='word_1_252' title='bbox 132 2975 207 3045; x_wconf 82' lang='lat' dir='ltr'>haec,</span> <span class='ocrx_word' id='word_1_253' title='bbox 221 2995 285 3051; x_wconf 72' lang='lat' dir='ltr'>quae</span> <span class='ocrx_word' id='word_1_254' title='bbox 307 2976 337 3034; x_wconf 91' lang='lat' dir='ltr'>in</span> <span class='ocrx_word' id='word_1_255' title='bbox 360 2977 415 3034; x_wconf 93' lang='lat' dir='ltr'>hoc</span> <span class='ocrx_word' id='word_1_256' title='bbox 437 2997 494 3035; x_wconf 92' lang='lat' dir='ltr'>uno</span> <span class='ocrx_word' id='word_1_257' title='bbox 516 2978 630 3035; x_wconf 91' lang='lat' dir='ltr'>homine</span> <span class='ocrx_word' id='word_1_258' title='bbox 649 2978 781 3034; x_wconf 88' lang='lat' dir='ltr'>vidimus.</span> <span class='ocrx_word' id='word_1_259' title='bbox 823 2977 921 3048; x_wconf 91' lang='lat' dir='ltr'>Atque</span> <span class='ocrx_word' id='word_1_260' title='bbox 942 2977 1005 3032; x_wconf 78' lang='lat' dir='ltr'>hac</span> <span class='ocrx_word' id='word_1_261' title='bbox 1023 2985 1065 3032; x_wconf 90' lang='lat' dir='ltr'>tot</span> <span class='ocrx_word' id='word_1_262' title='bbox 1078 2996 1125 3033; x_wconf 88' lang='lat' dir='ltr'>ex-</span> 
     </span>
     <span class='ocr_line' id='line_1_34' title="bbox 133 3053 1124 3131; baseline 0.001 -22"><span class='ocrx_word' id='word_1_263' title='bbox 133 3054 237 3129; x_wconf 91' lang='lat' dir='ltr'>empla,</span> <span class='ocrx_word' id='word_1_264' title='bbox 253 3065 343 3126; x_wconf 87' lang='lat' dir='ltr'>tanta,</span> <span class='ocrx_word' id='word_1_265' title='bbox 359 3075 393 3113; x_wconf 88' lang='lat' dir='ltr'>ac</span> <span class='ocrx_word' id='word_1_266' title='bbox 407 3065 466 3112; x_wconf 87' lang='lat' dir='ltr'>tam</span> <span class='ocrx_word' id='word_1_267' title='bbox 481 3075 563 3126; x_wconf 85' lang='lat' dir='ltr'>nova,</span> <span class='ocrx_word' id='word_1_268' title='bbox 574 3055 702 3131; x_wconf 86' lang='lat' dir='ltr'>prosecta</span> <span class='ocrx_word' id='word_1_269' title='bbox 716 3054 825 3111; x_wconf 91' lang='lat' dir='ltr'>suntin</span> <span class='ocrx_word' id='word_1_270' title='bbox 839 3054 964 3109; x_wconf 92' lang='lat' dir='ltr'>eundem</span> <span class='ocrx_word' id='word_1_271' title='bbox 980 3053 1124 3110; x_wconf 91' lang='lat' dir='ltr'>hominem</span> 
     </span>
     <span class='ocr_line' id='line_1_35' title="bbox 134 3131 1125 3210; baseline 0 -22"><span class='ocrx_word' id='word_1_272' title='bbox 134 3133 204 3194; x_wconf 80' lang='lat' dir='ltr'>aQ.</span> <span class='ocrx_word' id='word_1_273' title='bbox 221 3133 330 3204; x_wconf 85' lang='lat' dir='ltr'>Catuli,</span> <span class='ocrx_word' id='word_1_274' title='bbox 346 3146 430 3210; x_wconf 89' lang='lat' dir='ltr'>atque</span> <span class='ocrx_word' id='word_1_275' title='bbox 451 3154 468 3192; x_wconf 93' lang='lat' dir='ltr'>a</span> <span class='ocrx_word' id='word_1_276' title='bbox 488 3147 657 3192; x_wconf 75' lang='lat' dir='ltr'>ceterorum</span> <span class='ocrx_word' id='word_1_277' title='bbox 678 3132 806 3208; x_wconf 69' lang='lat' dir='ltr'>ejusdem</span> <span class='ocrx_word' id='word_1_278' title='bbox 823 3131 973 3208; x_wconf 87' lang='lat' dir='ltr'>dignitatis</span> <span class='ocrx_word' id='word_1_279' title='bbox 987 3131 1125 3206; x_wconf 90' lang='lat' dir='ltr'>amplissi-</span> 
     </span>
     <span class='ocr_line' id='line_1_36' title="bbox 133 3213 1174 3284; baseline 0.006 -17"><span class='ocrx_word' id='word_1_280' title='bbox 133 3229 244 3268; x_wconf 87' lang='lat' dir='ltr'>morum</span> <span class='ocrx_word' id='word_1_281' title='bbox 261 3213 418 3284; x_wconf 89' lang='lat' dir='ltr'>hominum,</span> <span class='ocrx_word' id='word_1_282' title='bbox 434 3214 611 3271; x_wconf 87' lang='lat' dir='ltr'>auctoritate.</span> <span class='ocrx_word' id='word_1_283' title='bbox 1138 3213 1174 3266; x_wconf 87' lang='grc'>35</span> 
     </span>
     <span class='ocr_line' id='line_1_37' title="bbox 173 3288 1124 3366; baseline -0.002 -19"><span class='ocrx_word' id='word_1_284' title='bbox 173 3289 278 3347; x_wconf 92' lang='lat' dir='ltr'>XXII.</span> <span class='ocrx_word' id='word_1_285' title='bbox 306 3291 409 3352; x_wconf 81' lang='lat' dir='ltr'>Quare</span> <span class='ocrx_word' id='word_1_286' title='bbox 423 3294 548 3362; x_wconf 89' lang='lat' dir='ltr'>videant,</span> <span class='ocrx_word' id='word_1_287' title='bbox 558 3311 595 3349; x_wconf 91' lang='lat' dir='ltr'>ne</span> <span class='ocrx_word' id='word_1_288' title='bbox 604 3291 641 3348; x_wconf 89' lang='lat' dir='ltr'>sit</span> <span class='ocrx_word' id='word_1_289' title='bbox 653 3289 834 3366; x_wconf 88' lang='lat' dir='ltr'>periniquum</span> <span class='ocrx_word' id='word_1_290' title='bbox 848 3299 878 3348; x_wconf 90' lang='lat' dir='ltr'>et</span> <span class='ocrx_word' id='word_1_291' title='bbox 891 3309 949 3347; x_wconf 91' lang='lat' dir='ltr'>non</span> <span class='ocrx_word' id='word_1_292' title='bbox 963 3288 1124 3360; x_wconf 82' lang='lat' dir='ltr'>ferendum,</span> 
     </span>
     <span class='ocr_line' id='line_1_38' title="bbox 133 3368 1125 3446; baseline -0.002 -20"><span class='ocrx_word' id='word_1_293' title='bbox 133 3368 246 3426; x_wconf 80' lang='lat' dir='ltr'>illorum</span> <span class='ocrx_word' id='word_1_294' title='bbox 275 3371 474 3428; x_wconf 87' lang='lat' dir='ltr'>auctoritatem</span> <span class='ocrx_word' id='word_1_295' title='bbox 498 3372 534 3428; x_wconf 94' lang='lat' dir='ltr'>de</span> <span class='ocrx_word' id='word_1_296' title='bbox 556 3372 611 3428; x_wconf 88' lang='lat' dir='ltr'>Cn.</span> <span class='ocrx_word' id='word_1_297' title='bbox 634 3370 763 3445; x_wconf 89' lang='lat' dir='ltr'>Pompeii</span> <span class='ocrx_word' id='word_1_298' title='bbox 785 3371 927 3446; x_wconf 90' lang='lat' dir='ltr'>dignitate</span> <span class='ocrx_word' id='word_1_299' title='bbox 948 3369 1028 3427; x_wconf 88' lang='lat' dir='ltr'>vobis</span> <span class='ocrx_word' id='word_1_300' title='bbox 1049 3387 1125 3425; x_wconf 91' lang='lat' dir='ltr'>com-</span> 
     </span>
     <span class='ocr_line' id='line_1_39' title="bbox 132 3447 1125 3525; baseline 0.001 -22"><span class='ocrx_word' id='word_1_301' title='bbox 132 3448 281 3523; x_wconf 89' lang='lat' dir='ltr'>probatam</span> <span class='ocrx_word' id='word_1_302' title='bbox 303 3469 415 3525; x_wconf 91' lang='lat' dir='ltr'>semper</span> <span class='ocrx_word' id='word_1_303' title='bbox 437 3469 516 3518; x_wconf 83' lang='lat' dir='ltr'>esse3</span> <span class='ocrx_word' id='word_1_304' title='bbox 545 3460 669 3507; x_wconf 86' lang='lat' dir='ltr'>restrum</span> <span class='ocrx_word' id='word_1_305' title='bbox 691 3449 729 3506; x_wconf 89' lang='lat' dir='ltr'>ab</span> <span class='ocrx_word' id='word_1_306' title='bbox 750 3450 806 3507; x_wconf 92' lang='lat' dir='ltr'>illis</span> <span class='ocrx_word' id='word_1_307' title='bbox 828 3451 864 3506; x_wconf 92' lang='lat' dir='ltr'>de</span> <span class='ocrx_word' id='word_1_308' title='bbox 886 3449 987 3506; x_wconf 89' lang='lat' dir='ltr'>eodem</span> <span class='ocrx_word' id='word_1_309' title='bbox 1009 3447 1125 3505; x_wconf 90' lang='lat' dir='ltr'>homine</span> 
     </span>
     <span class='ocr_line' id='line_1_40' title="bbox 132 3525 1125 3604; baseline -0.001 -21"><span class='ocrx_word' id='word_1_310' title='bbox 132 3525 284 3602; x_wconf 87' lang='lat' dir='ltr'>judicium,</span> <span class='ocrx_word' id='word_1_311' title='bbox 304 3529 457 3604; x_wconf 91' lang='lat' dir='ltr'>populique</span> <span class='ocrx_word' id='word_1_312' title='bbox 477 3528 605 3586; x_wconf 85' lang='lat' dir='ltr'>Romani</span> <span class='ocrx_word' id='word_1_313' title='bbox 626 3529 835 3600; x_wconf 88' lang='lat' dir='ltr'>auctoritatem,</span> <span class='ocrx_word' id='word_1_314' title='bbox 857 3527 1028 3602; x_wconf 90' lang='lat' dir='ltr'>improbari:</span> <span class='ocrx_word' id='word_1_315' title='bbox 1055 3545 1125 3602; x_wconf 83' lang='lat' dir='ltr'>prae·</span> 
     </span>
     <span class='ocr_line' id='line_1_41' title="bbox 132 3603 1174 3683; baseline 0.003 -23"><span class='ocrx_word' id='word_1_316' title='bbox 132 3604 232 3662; x_wconf 89' lang='lat' dir='ltr'>sertim</span> <span class='ocrx_word' id='word_1_317' title='bbox 254 3603 321 3662; x_wconf 79' lang='lat' dir='ltr'>citrn</span> <span class='ocrx_word' id='word_1_318' title='bbox 340 3607 401 3682; x_wconf 89' lang='lat' dir='ltr'>jam</span> <span class='ocrx_word' id='word_1_319' title='bbox 423 3627 475 3665; x_wconf 89' lang='lat' dir='ltr'>suo</span> <span class='ocrx_word' id='word_1_320' title='bbox 494 3607 557 3683; x_wconf 87' lang='lat' dir='ltr'>jure</span> <span class='ocrx_word' id='word_1_321' title='bbox 578 3607 698 3682; x_wconf 91' lang='lat' dir='ltr'>populus</span> <span class='ocrx_word' id='word_1_322' title='bbox 720 3607 872 3665; x_wconf 89' lang='lat' dir='ltr'>Romanus</span> <span class='ocrx_word' id='word_1_323' title='bbox 891 3624 920 3662; x_wconf 88' lang='lat' dir='ltr'>tn</span> <span class='ocrx_word' id='word_1_324' title='bbox 939 3605 995 3662; x_wconf 92' lang='lat' dir='ltr'>hoc</span> <span class='ocrx_word' id='word_1_325' title='bbox 1008 3605 1124 3662; x_wconf 90' lang='lat' dir='ltr'>homine</span> <span class='ocrx_word' id='word_1_326' title='bbox 1138 3609 1174 3663; x_wconf 88' lang='grc'>40</span> 
     </span>
     <span class='ocr_line' id='line_1_42' title="bbox 132 3683 1124 3760; baseline 0.001 -20"><span class='ocrx_word' id='word_1_327' title='bbox 132 3703 215 3741; x_wconf 90' lang='lat' dir='ltr'>suam</span> <span class='ocrx_word' id='word_1_328' title='bbox 238 3687 447 3756; x_wconf 88' lang='lat' dir='ltr'>auctoritatem,</span> <span class='ocrx_word' id='word_1_329' title='bbox 469 3687 512 3743; x_wconf 88' lang='lat' dir='ltr'>vel</span> <span class='ocrx_word' id='word_1_330' title='bbox 534 3697 634 3743; x_wconf 88' lang='lat' dir='ltr'>contra</span> <span class='ocrx_word' id='word_1_331' title='bbox 651 3705 751 3743; x_wconf 91' lang='lat' dir='ltr'>omnes</span> <span class='ocrx_word' id='word_1_332' title='bbox 770 3687 819 3760; x_wconf 91' lang='lat' dir='ltr'>qui</span> <span class='ocrx_word' id='word_1_333' title='bbox 840 3683 1022 3754; x_wconf 88' lang='lat' dir='ltr'>dissentiunt,</span> <span class='ocrx_word' id='word_1_334' title='bbox 1037 3684 1124 3760; x_wconf 88' lang='lat' dir='ltr'>possit</span> 
     </span>
     <span class='ocr_line' id='line_1_43' title="bbox 132 3763 1123 3840; baseline 0.001 -21"><span class='ocrx_word' id='word_1_335' title='bbox 132 3763 308 3833; x_wconf 77' lang='lat' dir='ltr'>defendere3</span> <span class='ocrx_word' id='word_1_336' title='bbox 336 3775 485 3840; x_wconf 89' lang='lat' dir='ltr'>propterea</span> <span class='ocrx_word' id='word_1_337' title='bbox 511 3763 599 3839; x_wconf 78' lang='lat' dir='ltr'>quod,</span> <span class='ocrx_word' id='word_1_338' title='bbox 620 3764 682 3821; x_wconf 90' lang='lat' dir='ltr'>istis</span> <span class='ocrx_word' id='word_1_339' title='bbox 709 3763 943 3831; x_wconf 86' lang='lat' dir='ltr'>reclamantibus,</span> <span class='ocrx_word' id='word_1_340' title='bbox 965 3781 1012 3819; x_wconf 89' lang='lat' dir='ltr'>vos</span> <span class='ocrx_word' id='word_1_341' title='bbox 1033 3783 1123 3820; x_wconf 91' lang='lat' dir='ltr'>unum</span> 
     </span>
     <span class='ocr_line' id='line_1_44' title="bbox 133 3841 1123 3920; baseline 0.003 -23"><span class='ocrx_word' id='word_1_342' title='bbox 133 3841 215 3898; x_wconf 90' lang='lat' dir='ltr'>illum</span> <span class='ocrx_word' id='word_1_343' title='bbox 235 3861 271 3900; x_wconf 86' lang='lat' dir='ltr'>ex</span> <span class='ocrx_word' id='word_1_344' title='bbox 290 3844 424 3901; x_wconf 91' lang='lat' dir='ltr'>omnibus</span> <span class='ocrx_word' id='word_1_345' title='bbox 443 3844 599 3920; x_wconf 85' lang='lat' dir='ltr'>delegistis,</span> <span class='ocrx_word' id='word_1_346' title='bbox 613 3861 699 3917; x_wconf 90' lang='lat' dir='ltr'>quem</span> <span class='ocrx_word' id='word_1_347' title='bbox 713 3842 788 3899; x_wconf 90' lang='lat' dir='ltr'>bello</span> <span class='ocrx_word' id='word_1_348' title='bbox 800 3841 966 3918; x_wconf 62' lang='lat' dir='ltr'>praedonum</span> <span class='ocrx_word' id='word_1_349' title='bbox 980 3861 1123 3919; x_wconf 84' lang='lat' dir='ltr'>praepone·</span> 
     </span>
     <span class='ocr_line' id='line_1_45' title="bbox 132 3919 1123 3998; baseline 0.001 -21"><span class='ocrx_word' id='word_1_350' title='bbox 132 3920 210 3978; x_wconf 86' lang='lat' dir='ltr'>retis.</span> <span class='ocrx_word' id='word_1_351' title='bbox 253 3919 321 3979; x_wconf 90' lang='lat' dir='ltr'>Hoc</span> <span class='ocrx_word' id='word_1_352' title='bbox 341 3922 365 3980; x_wconf 90' lang='lat' dir='ltr'>si</span> <span class='ocrx_word' id='word_1_353' title='bbox 384 3941 433 3980; x_wconf 85' lang='lat' dir='ltr'>vos</span> <span class='ocrx_word' id='word_1_354' title='bbox 450 3920 558 3980; x_wconf 74' lang='lat' dir='ltr'>temere</span> <span class='ocrx_word' id='word_1_355' title='bbox 575 3920 693 3993; x_wconf 88' lang='lat' dir='ltr'>lecistis,</span> <span class='ocrx_word' id='word_1_356' title='bbox 707 3930 737 3978; x_wconf 87' lang='lat' dir='ltr'>et</span> <span class='ocrx_word' id='word_1_357' title='bbox 750 3920 792 3978; x_wconf 89' lang='lat' dir='ltr'>rei</span> <span class='ocrx_word' id='word_1_358' title='bbox 805 3920 928 3998; x_wconf 75' lang='lat' dir='ltr'>publica</span> <span class='ocrx_word' id='word_1_359' title='bbox 941 3940 1041 3998; x_wconf 89' lang='lat' dir='ltr'>parum</span> <span class='ocrx_word' id='word_1_360' title='bbox 1056 3941 1123 3978; x_wconf 90' lang='lat' dir='ltr'>con·</span> 
     </span>
    </p>
   </div>
   <div class='ocr_carea' id='block_1_5' title="bbox 0 0 1392 4425">
    <p class='ocr_par' dir='ltr' id='par_1_6' title="bbox 0 0 1392 4425">
     <span class='ocr_line' id='line_1_46' title="bbox 0 0 1392 4425; baseline 0 0"><span class='ocrx_word' id='word_1_361' title='bbox 0 0 1392 4425; x_wconf 95' lang='lat' dir='ltr'> </span> 
     </span>
    </p>
   </div>
  </div>
 </body>
</html>
