2775 4425
393 368 530 421 onemo
553 369 588 420 11.
608 368 646 420 ru
668 370 701 421 n.
724 370 938 441 curremus,
1166 380 1204 437 21

177 516 262 575 modo
275 498 386 575 a⁸vobis
398 513 484 589 hujus
498 512 642 572 horribilis
656 513 725 573 belli
746 532 782 572 ac
801 515 904 575 nefarii
923 516 1085 593 periculum
1105 517 1155 575 de·

176 595 306 672 pellatur.
348 595 470 654 Dicatur
484 592 554 651 saud
569 592 679 668 ejectos
692 612 789 652 esses
811 614 867 667 me,
881 595 1037 653 dummodo
1055 607 1104 655 eat
1124 596 1154 655 iu

177 675 328 732 exsilium:
349 674 411 744 sed,
425 671 496 729 mihi
510 672 630 742 credite,
645 690 701 729 uon
716 682 760 729 est
780 672 880 731 iturus.
921 672 1079 750 Nunquam
1099 694 1155 753 ego

178 772 195 810 e
215 752 280 810 Diis
294 751 501 811 immortalibus
514 750 627 827 optabo,
640 750 785 822 Quinte,
800 752 915 811 invidie
938 770 1010 811 mee
1024 754 1153 812 levandas

178 832 277 903 causti,
291 842 323 889 ut
337 831 370 888 L.
385 830 543 889 Catilinam
558 830 666 887 ducere
689 832 848 889 exercitum
872 832 1006 903 bostium,
1021 844 1106 909 atque
1123 833 1152 891 in
1184 842 1204 895 5

178 911 265 968 armis
275 911 402 981 volitare,
413 908 554 967 audiatis:
569 909 619 967 sed
630 908 727 966 triduo
735 919 833 967 tumen
844 910 984 969 audietis:
1005 910 1153 987 multisque

177 990 270 1066 magis
284 990 353 1046 illud
369 988 466 1058 timeo,
488 1006 526 1045 ne
547 987 616 1045 mihi
637 987 673 1045 sit
695 986 867 1046 invidiosum
889 989 1052 1065 aliquando,
1074 989 1153 1066 quod

177 1066 257 1125 illum
271 1068 415 1126 emiserim
428 1064 532 1143 potiirs,
545 1065 632 1141 quim
645 1064 723 1141 quod
743 1066 887 1143 ejecerim.
929 1069 998 1139 Sed,
1012 1066 1081 1127 crim
1095 1070 1154 1127 siut

177 1147 315 1217 homines,
330 1147 378 1223 qui
393 1146 484 1215 illum,
499 1162 565 1203 cum
585 1144 730 1221 profectus
751 1145 797 1216 sit,
811 1146 936 1223 ejectum
957 1167 1020 1206 esse
1041 1148 1151 1219 dicent,

176 1224 273 1295 iidem,
288 1226 312 1282 si
327 1225 495 1283 interfectus
509 1234 594 1295 esset,
608 1223 676 1299 quid
691 1224 843 1283 dicerentl
1167 1242 1202 1296 10

214 1303 390 1379 Quanquam
406 1303 462 1373 isti,
476 1302 525 1379 qui
540 1302 698 1359 Catilinam
708 1302 868 1361 Massiliam
883 1304 925 1363 ire
934 1304 1079 1377 dictitent,
1093 1324 1151 1363 oon

174 1392 234 1440 tam
249 1383 303 1440 boc
317 1391 485 1458 queruntur,
499 1379 585 1457 qudm
601 1390 745 1440 verentur.
787 1382 883 1441 Nemo
895 1393 940 1441 est
953 1384 1071 1441 istorum
1091 1394 1151 1441 tum

175 1462 346 1533 misericors,
360 1462 409 1537 qui
424 1460 504 1518 illurn
519 1478 576 1517 non
591 1460 627 1516 ad
637 1458 790 1529 Manlium,
798 1459 885 1534 quim
896 1462 932 1519 sd
944 1460 1151 1533 Massilienses,

175 1540 217 1597 ire
232 1540 320 1597 malit.
362 1540 416 1598 Ille
430 1549 536 1609 autern,
551 1537 575 1594 si
599 1537 794 1616 (mehercule)
810 1540 875 1610 boc,
898 1538 973 1614 quod
997 1540 1066 1629 ugit,
1081 1560 1152 1597 nou·

174 1638 259 1694 quam
271 1617 338 1677 antd
350 1618 514 1696 cogitisset,
525 1627 622 1674 temen
633 1616 852 1675 latrocinantem
863 1637 895 1675 se
906 1616 1028 1675 interfici
1044 1618 1151 1689 mullet,
1167 1628 1202 1683 15

173 1697 259 1773 quim
273 1698 401 1755 exsulem
415 1697 518 1754 vivere.
559 1694 649 1752 Nunc
659 1692 737 1766 verb,
746 1694 814 1753 crim
823 1697 850 1754 ei
865 1696 936 1755 nihil
946 1697 1151 1773 adbucpreter

174 1777 262 1853 ipsius
276 1777 450 1834 voluntatem
465 1774 725 1851 cogitationemque
748 1776 897 1847 occiderit,
911 1776 967 1833 nisi
981 1774 1058 1851 quod
1080 1777 1152 1834 rivis

173 1856 256 1913 nobis
269 1856 366 1913 Romi
379 1854 523 1932 profectus
536 1862 595 1923 est;
610 1864 741 1930 optemus
749 1853 854 1931 potiris,
865 1866 897 1914 ut
906 1866 955 1912 eat
965 1855 995 1913 in
1005 1855 1149 1929 exsilium,

173 1933 259 2010 qudm
273 1952 436 2010 queramur.

213 2012 299 2070 VllI.
322 2012 381 2071 Sed
396 2030 449 2069 cur
469 2009 579 2068 tamdiu
601 2009 637 2069 de
658 2029 718 2069 uno
738 2011 819 2070 boste
841 2011 994 2087 loquimur,
1008 2022 1038 2071 et
1057 2012 1095 2070 de
1114 2033 1151 2071 eo
1163 2019 1200 2075 20

173 2092 263 2163 hoste,
277 2092 325 2168 qui
337 2092 396 2167 jam
411 2090 515 2147 letetur
535 2108 566 2147 se
587 2107 651 2147 esse
672 2090 799 2160 hostem;
820 2100 850 2147 et
869 2108 965 2165 quem,
978 2090 1047 2167 quia
1061 2090 1150 2165 (quod

173 2189 284 2247 semper
298 2170 387 2248 volui)
404 2188 503 2227 murus
518 2167 646 2239 interest,
661 2186 718 2226 non
733 2168 836 2238 timeo;
857 2169 894 2226 de
908 2168 963 2240 his,
976 2169 1025 2244 qui
1039 2168 1152 2226 dissim-

172 2250 263 2321 ulant,
277 2250 326 2326 qui
340 2250 443 2307 Rome
465 2257 624 2318 remanent,
646 2247 695 2322 qui
717 2247 867 2305 uobiscum
888 2258 965 2318 sunt,
988 2247 1059 2305 nibil
1080 2247 1152 2305 dici-

172 2331 256 2386 musl
276 2349 347 2405 quos
366 2327 482 2403 quidem
503 2345 567 2403 ego,
588 2326 612 2383 si
636 2326 695 2384 ullo
714 2326 800 2384 modo
818 2325 881 2383 fieri
901 2326 998 2402 possit,
1019 2336 1151 2383 nontam

172 2407 275 2465 ulcisci
302 2408 412 2478 studeo,
439 2403 526 2482 quim
549 2423 661 2475 sanare,
682 2415 712 2462 et
731 2404 806 2481 ipsos
825 2405 941 2481 placere
966 2405 1149 2482 reipublice:
1162 2419 1199 2474 25

172 2483 502 2641 {millitis}
513 2483 1149 2639 blffi‘ddml'tllssdnlllltl

172 2645 234 2702 istae
248 2645 336 2720 copim
351 2609 567 2720 comparentur:
589 2609 693 2700 deinde
707 2583 1021 2719 singruisidedicinam
1034 2643 1149 2703 consilii

172 2733 257 2799 atque
270 2723 407 2780 orationis
420 2740 503 2792 mere,
517 2721 541 2778 si
555 2740 640 2797 quam
653 2732 761 2798 potero,
777 2722 903 2779 efferam.

211 2802 308 2860 Unum
322 2820 414 2878 genus
428 2810 472 2858 est
485 2818 593 2871 eorum,
607 2801 666 2875 qui,
680 2801 830 2877 magnoin
844 2819 900 2858 rere
914 2800 1017 2871 alieno,
1026 2799 1149 2874 majores
1161 2811 1199 2867 30

171 2881 259 2938 etiam
271 2879 464 2956 possessiones
478 2879 600 2948 habent;
622 2897 744 2954 quarum
766 2897 862 2936 amore
882 2878 1011 2949 adducti,
1031 2877 1148 2935 dissolvi

171 2959 250 3017 nullo
264 2959 348 3018 modo
355 2968 480 3035 possunt.
522 2957 634 3015 Horum
649 2957 797 3013 hominum
811 2956 921 3031 species
934 2955 1150 3012 esthonestissi-

171 3056 219 3095 ma
235 3037 315 3114 (sunt
328 3038 406 3096 enim
420 3035 601 3114 locupletes),
611 3035 742 3092 voluntas
750 3032 818 3090 verb
827 3043 856 3090 et
867 3051 956 3089 causa
964 3033 1150 3107 impudentis·

172 3116 253 3173 sima.
294 3115 344 3173 Tu
360 3116 445 3193 agris,
459 3127 491 3173 tu
506 3113 645 3183 edificiis,
660 3123 691 3168 tu
706 3121 834 3187 argento,
843 3120 874 3166 tu
884 3109 1003 3180 familis,
1017 3120 1049 3167 tu
1063 3111 1149 3168 rebus

171 3195 304 3252 omnibus
316 3206 434 3253 ornatus
450 3205 479 3252 et
499 3192 630 3268 copiosus
652 3191 707 3259 sis3
729 3200 758 3247 et
779 3187 893 3247 dubites
914 3188 951 3246 de
971 3189 1148 3265 possessione
1160 3199 1197 3253 35

171 3273 332 3344 detrahere,
347 3273 496 3350 roquirere
511 3273 546 3329 ad
561 3270 667 3328 fideml
696 3269 780 3331 Quid
800 3267 878 3326 enim
892 3268 1061 3345 exspectusl
1090 3267 1149 3325 bel-

170 3352 251 3410 luml
271 3352 361 3427 quidl
382 3371 462 3428 ergo,
482 3351 513 3409 in
533 3349 692 3407 vastatione
714 3347 853 3418 omnium,
867 3356 933 3404 tuus
955 3346 1148 3424 possessiones

170 3441 369 3488 sacrosanctas
386 3431 497 3488 tirturas
517 3429 622 3505 putasl
643 3429 692 3485 An
715 3427 829 3484 tabulas
848 3428 956 3485 novasl
976 3437 1084 3496 errant,
1097 3425 1148 3501 qui

170 3510 240 3568 istas
254 3527 271 3566 a
284 3508 414 3567 catilina
427 3517 601 3584 exspectent
644 3505 713 3564 Meo
726 3505 868 3564 beneficio
880 3506 985 3562 tabule
994 3524 1074 3562 norm
1087 3523 1149 3580 pro·

170 3589 307 3659 serentur,
320 3585 421 3646 verirm
436 3585 637 3645 auctionariis:
658 3585 843 3660 nequeenim
858 3583 915 3653 isti,
929 3584 978 3658 qui
998 3582 1149 3658 possessio·
1160 3591 1196 3646 4ο

169 3687 222 3724 nes
242 3667 359 3737 habent,
382 3665 562 3723 alteratione
582 3663 641 3722 ullis
662 3664 732 3720 salvi
759 3681 822 3719 csse
845 3672 970 3736 possunt.
1010 3659 1147 3722 Quodsi

169 3743 311 3803 maturiirs
326 3745 422 3802 facere
436 3743 599 3812 voluissent,
615 3761 708 3817 neque
730 3740 773 3817 (id
787 3740 862 3815 quod
877 3739 1074 3797 stultissimum
1089 3742 1146 3819 est)

170 3835 282 3884 certare
296 3843 363 3882 cum
378 3823 472 3881 usuris
494 3823 634 3880 fructibus
655 3820 844 3896 praediorum
866 3830 895 3876 et
915 3819 1148 3895 locupletioribus
1234 3843 1246 3858 ·

169 3903 214 3962 his
241 3915 271 3962 et
296 3902 464 3962 melioribus
490 3901 601 3959 civibus
621 3909 776 3956 uteremur.
831 3897 890 3955 Sed
911 3899 997 3956 hosce
1017 3899 1149 3958 homines
