2775 4425
192 361 248 418 mr
446 356 582 407 oaarro
605 357 675 406 ruo
697 357 728 405 r.
751 355 866 404 xnruo
887 354 1037 404 urucas.

237 512 315 559 tum:
336 502 462 559 omnium
477 501 609 558 ordinum
624 519 766 558 consensu
779 519 831 574 pro
852 499 945 556 salute
959 499 1124 575 reipublicae
1145 510 1229 577 gesta

238 581 410 638 resciderat:
433 599 478 638 me
487 581 578 655 patriai
587 580 752 656 expulerat;
774 579 1032 653 bonadiripuerat;
1054 580 1170 636 domum
1187 581 1229 638 iu·

238 661 391 728 cenderat;
412 659 526 727 liberos,
542 659 693 734 conjugem
709 676 813 726 meam,
829 671 997 714 vexaverat:
1019 658 1073 715 Cu.
1089 658 1229 733 Pompeio

237 739 378 796 netarium
394 738 499 795 bellum
516 737 674 794 indixerat:
696 737 915 812 magistratuum
929 737 1159 812 privatorumque
1173 756 1229 794 cae·

205 819 288 880 5des
310 817 435 874 lecerat:
457 818 573 874 domum
597 815 653 872 mei
678 814 774 872 fratris
795 815 979 871 incenderat:
1002 817 1126 872 vastarat
1141 816 1228 873 Etru-

237 897 329 953 riam:
351 897 454 952 multos
477 896 593 952 sedibus
618 914 652 952 ac
670 894 791 951 fortunis
811 893 945 968 ejecerat.
988 893 1128 964 Instabat,
1143 915 1229 970 urge·

238 975 304 1032 bat:
326 994 429 1050 capere
443 974 504 1049 ejus
525 973 679 1030 amentiam
700 972 812 1042 civitas,
831 972 926 1042 ltalia,
940 974 1103 1047 provincis,
1126 993 1227 1050 regna,

237 1073 293 1112 non
314 1063 452 1129 poterant.
494 1051 702 1110 Incidebantur
719 1051 779 1126 jam
799 1047 887 1108 domi‘
897 1051 987 1127 leges,
1007 1071 1070 1126 quae
1091 1073 1142 1109 uos
1163 1073 1227 1110 nos·

237 1133 288 1190 tris
308 1132 397 1190 servis
419 1133 604 1188 addicerent:
635 1130 707 1187 nihil
728 1141 790 1187 erat
810 1129 990 1205 cujusquam,
1012 1131 1086 1204 quod
1107 1132 1226 1205 quidem

189 1205 223 1258 10
238 1211 285 1272 ille
307 1211 478 1281 adamasset,
492 1211 567 1285 quod
588 1229 644 1266 non
660 1210 715 1266 hoc
736 1228 812 1265 anuo
831 1227 915 1264 suum
930 1209 989 1265 lore
1003 1223 1123 1285 putaret.
1165 1210 1228 1266 Ob-

237 1291 330 1348 stabat
350 1289 412 1364 ejus
442 1288 663 1365 cogitationibus
691 1306 785 1355 nemo,
806 1299 907 1362 praeter
936 1287 1084 1345 Milonem.
1126 1288 1227 1365 Ipsum

238 1370 328 1439 illurn,
342 1369 390 1443 qui
410 1379 519 1444 poterat
539 1368 662 1436 obstare,
677 1386 750 1424 novo
763 1366 857 1423 reditu
878 1367 907 1422 in
931 1368 1053 1442 gratiam
1074 1367 1156 1442 quasi
1177 1369 1229 1426 de·

237 1449 364 1506 vinctum
380 1447 588 1506 arbitrabatur:
610 1445 734 1503 Caesaris
747 1445 904 1521 potentiam
918 1465 999 1502 suam
1014 1466 1077 1503 esse
1090 1447 1226 1505 dicebat:

238 1529 375 1586 bonorum
391 1527 500 1584 animos
513 1525 600 1583 etiam
614 1525 643 1582 in
658 1544 723 1582 meo
737 1543 807 1581 casu
818 1535 1046 1600 contempserat:
1068 1526 1140 1583 Milo
1151 1547 1229 1584 unus
1326 1556 1330 1562 ·

190 1614 223 1666 15
238 1627 271 1664 ur
292 1605 365 1662 ebat.

183 1727 186 1732 .
272 1627 428 1741 irxxm.
471 1682 530 1741 Hic
550 1683 600 1740 Dii
621 1682 796 1740 immortales
823 1681 870 1758 (ut
889 1680 976 1758 supra
1002 1683 1075 1761 dixi)
1098 1696 1227 1743 mentem

237 1763 376 1820 dederunt
398 1763 438 1818 illi
466 1762 576 1838 perdito
597 1781 632 1819 ac
656 1762 771 1831 furioso,
799 1772 831 1818 ut
860 1762 929 1819 huic
958 1761 1066 1820 laceret
1096 1763 1226 1820 insidias.

239 1841 330 1897 Aliter
351 1841 443 1916 perire
464 1841 550 1915 pestis
565 1840 614 1898 illa
637 1861 693 1898 nou
717 1841 825 1916 potuit:
846 1859 993 1914 nunquam
1015 1841 1095 1898 illum
1110 1845 1228 1919 respub-

236 1919 293 1976 lica
313 1939 365 1976 suo
382 1919 446 1995 jure
473 1929 548 1977 esset
569 1919 636 1976 ulta.
692 1921 817 1977 Senatus
845 1919 959 1997 (credo)
988 1931 1137 1995 praetorem
1158 1942 1226 1979 eum

177 2001 221 2054 “20
237 1997 515 2074 circumscripsisset.
571 1997 628 2068 Ne,
650 1995 718 2054 cirm
749 1998 857 2056 solebat
878 1999 993 2073 quidem
1016 1999 1046 2056 id
1067 2000 1173 2072 facere,
1195 2003 1226 2060 iu

235 2077 344 2154 privato
358 2078 457 2134 eodem
474 2079 537 2149 boc,
553 2078 659 2152 aliquid
680 2077 847 2154 profecerat.
890 2083 939 2135 An
953 2079 1085 2136 consules
1106 2079 1135 2136 iu
1156 2101 1225 2157 prae·

236 2167 297 2216 tore
322 2157 484 2216 coercendo
515 2159 600 2217 sortes
628 2157 769 2215 luissentl
810 2154 950 2229 Primum,
979 2156 1088 2216 Milone
1115 2161 1224 2232 occiso,

236 2238 383 2295 habuisset
397 2258 462 2295 suos
476 2239 616 2295 consules.
657 2238 782 2308 Deinde,
797 2238 861 2311 quis
885 2237 913 2294 in
928 2257 964 2295 eo
984 2249 1103 2313 praetore
1123 2241 1224 2299 consul

236 2316 315 2375 sortis
329 2329 413 2387 esset,
428 2336 477 2393 per
491 2337 575 2392 quem
591 2317 747 2386 tribunum,
770 2316 861 2374 virum
882 2317 1064 2373 consularem
1087 2319 1226 2377 crudelis·

185 2398 220 2451 25
236 2395 307 2453 sime
323 2408 454 2453 vexatum
478 2416 541 2453 esse
565 2396 761 2453 meminisset?
801 2394 998 2471 Oppressisset
1016 2398 1123 2467 omnia,
1138 2400 1225 2474 possi-

235 2474 324 2543 deret,
339 2484 459 2543 teueret,
475 2474 538 2549 lege
553 2475 636 2544 noval,
651 2494 714 2549 quae
728 2475 896 2533 estinventa
910 2476 985 2551 apud
999 2494 1145 2533 eumcum
1161 2479 1224 2535 reli·

234 2553 298 2624 quis
312 2552 423 2628 legibus
438 2552 603 2609 Clodianis:
625 2573 720 2610 servos
744 2565 853 2611 nostros
874 2554 992 2611 libertos
1010 2574 1077 2612 suos
1098 2556 1221 2615 fecisset.

234 2628 393 2699 Postremb,
409 2630 463 2688 nisi
488 2650 554 2687 eum
579 2630 629 2688 Dii
655 2633 829 2690 immortales
850 2633 878 2689 in
899 2652 964 2689 eam
985 2645 1112 2691 mentem
1133 2635 1224 2712 impu·

234 2708 343 2777 lissent,
365 2720 396 2765 ut
424 2710 508 2767 homo
538 2710 731 2768 effoeminatus
752 2711 936 2769 fortissimum
956 2712 1049 2769 virum
1070 2726 1224 2773 conaretur

183 2796 219 2851 30
233 2787 377 2857 occidere,
393 2788 477 2846 hodie
492 2790 700 2866 rempublicam
715 2791 822 2847 nullam
838 2791 990 2849 haberetis.

274 2869 321 2924 An
338 2867 385 2925 ille
398 2880 509 2943 praetor,
525 2868 573 2927 ille
587 2868 655 2927 verb
676 2869 787 2941 consul,
801 2870 825 2926 si
840 2868 924 2927 mcdb
939 2871 1003 2928 haec
1016 2871 1123 2948 templa
1136 2881 1223 2947 atque

234 2946 295 3023 ipsa
309 2948 416 3005 moenia
429 2958 504 3005 stare
518 2968 553 3005 eo
567 2947 630 3006 vivo
649 2949 770 3019 tamdiu,
785 2958 814 3005 et
834 2950 1015 3006 consulatum
1030 2950 1092 3025 ejus
1105 2970 1223 3027 exspec-

233 3036 294 3083 tare
321 3026 487 3102 potuissent,
510 3026 557 3085 ille
584 3028 709 3101 denique
730 3027 819 3098 virus,
840 3027 909 3084 mali
930 3027 1001 3085 nihil
1026 3029 1151 3100 lecisset,
1172 3031 1237 3107 qui‘

233 3117 370 3175 mortuuS,
385 3126 442 3164 uno
462 3126 497 3163 ex
517 3106 577 3164 suis
597 3107 768 3164 satellitibus
789 3108 854 3163 Sex.
879 3105 983 3165 Clodio
1002 3108 1088 3179 duce,
1109 3109 1222 3167 curiam

182 3192 217 3245 35
234 3184 413 3242 incenderit?
453 3184 523 3245 Quo
544 3185 612 3259 quid
637 3185 778 3256 miserius,
793 3185 861 3259 quid
884 3186 1026 3256 acerbius,
1040 3187 1108 3261 quid
1129 3188 1223 3245 luctu-

231 3264 318 3333 osius,
333 3264 477 3320 vidimusl
518 3262 673 3339 Templum
694 3263 864 3335 sanctitatis,
879 3264 1084 3340 amplitudinis,
1105 3267 1221 3338 mentis,

232 3342 344 3400 consilii
357 3341 475 3417 publici,
485 3352 570 3415 caput
583 3339 700 3421 [urbis]
712 3362 790 3400 aram
805 3344 1077 3421 sociorum,portum
1090 3339 1222 3403 omnium

231 3422 370 3496 gentium,
386 3420 483 3477 sedem
498 3419 534 3475 ab
549 3421 680 3479 universo
703 3421 805 3498 populo
828 3422 963 3480 Romano
979 3442 1147 3481 concessam
1168 3426 1219 3481 uui

231 3500 335 3570 ordini,
351 3497 532 3567 inflammari,
547 3499 686 3569 exscindi,
703 3501 858 3558 funestari!
882 3521 975 3576 neque
996 3503 1025 3559 id
1039 3502 1101 3559 fieri
1117 3521 1134 3559 a
1148 3504 1235 3560 mul-⁶

181 3578 354 3635 rotundius
375 3576 505 3652 imperitis
528 3576 704 3651 (quanquam
724 3589 800 3635 esset
820 3580 955 3637 miserum
978 3581 1007 3638 id
1028 3580 1146 3658 ipsum),
1167 3582 1219 3638 sed

233 3657 268 3712 ab
283 3676 357 3725 uno;
379 3657 437 3730 qui,
457 3653 524 3712 clun
545 3666 655 3713 tautum
677 3675 763 3714 ausus
783 3658 820 3714 sit
841 3669 917 3716 ustor
937 3678 988 3734 pro
1007 3670 1127 3728 mortuo,
1149 3661 1219 3733 quid

232 3735 350 3808 signifer
370 3755 419 3809 pro
443 3734 506 3791 viro
529 3755 586 3792 non
607 3746 682 3792 esset
703 3737 814 3793 aususl
855 3735 890 3794 In
906 3739 1016 3795 curiam
1037 3736 1218 3813 potissimdm

232 3811 347 3884 abjecit,
362 3823 393 3869 ut
406 3832 470 3871 eam
485 3823 613 3871 mortuus
627 3814 804 3887 incenderet,
819 3835 905 3891 quam
926 3818 1006 3874 vivus
1026 3827 1176 3875 everterat
