2775 4425
180 359 236 418 112
426 351 562 401 ORATIO
587 349 655 398 PRO
677 347 710 398 Τ.
732 346 847 396 ANNIO
869 345 1018 396 Mlaortu.

225 498 297 558 nihil
326 497 492 566 delectaret,
521 495 596 568 quod
625 504 673 549 aut
693 511 745 567 per
766 501 899 549 naturam
921 491 963 548 Ias
984 498 1069 561 esset,
1098 498 1148 546 aut
1167 508 1219 565 per

226 579 305 654 leges
319 576 428 633 liceret.

266 655 325 714 Sed
353 653 422 730 quid
449 672 503 730 ego
531 651 737 728 argumentorl
772 648 841 724 quid
867 648 950 724 plura
977 647 1112 721 disputol
1161 647 1220 714 Te,

225 734 265 797 Q.
289 733 395 804 Petilli,
421 732 541 809 appello,
566 731 707 806 optimum
731 738 760 786 et
781 728 966 786 fortissimum
988 726 1100 794 civem;
1121 735 1160 795 te,
1175 726 1209 784 M

194 815 310 886 5Cato,
331 823 436 881 testor3
458 830 529 886 quos
550 809 620 867 mihi
641 808 740 866 divina
760 808 891 881 quaedam
912 826 972 864 sors
1000 804 1079 862 dedit
1096 805 1211 880 judices

226 895 286 952 Vos
301 912 336 950 ex
360 891 401 948 M.
417 889 546 948 Favonio
570 887 700 958 audistis,
716 886 850 944 Clodium
875 885 929 942 sibi
951 884 1066 955 dixisse,
1081 895 1110 941 et
1125 883 1221 941 audis·

226 973 273 1044 tis,
288 971 352 1029 vivo
365 969 478 1040 Clodio,
500 968 658 1046 periturum
683 965 823 1024 Milonem
838 964 941 1021 triduo.
983 963 1051 1020 Post
1071 964 1149 1020 diem
1163 975 1221 1021 ter·

226 1052 299 1108 tium
313 1060 394 1127 gesta
408 1068 454 1106 res
478 1059 530 1119 est,
555 1046 641 1121 quam
666 1046 785 1102 dixerat.
827 1043 904 1101 Cum
926 1043 974 1100 ille
994 1063 1053 1100 non
1075 1042 1221 1100 dubitaret

228 1131 349 1206 aperire,
364 1128 433 1203 quid
448 1128 598 1203 cogitaret,
613 1145 662 1182 vos
674 1124 793 1200 potestis
806 1123 948 1192 dubitare,
964 1123 1032 1196 quid
1048 1121 1170 1179 leceritl

180 1210 213 1263 10
266 1207 368 1266 XVII.
402 1206 658 1268 Quemadmodum
674 1204 760 1280 igitur
774 1221 841 1260 eum
863 1202 925 1258 dies
938 1221 994 1259 uon
1018 1201 1139 1258 fefellitr
1160 1201 1220 1258 dixi

227 1288 362 1364 equidem
386 1285 480 1343 modo.
522 1283 680 1342 Dictatcris
701 1280 844 1339 Lanuvini
866 1291 940 1337 stata
960 1279 1104 1337 sacrificia
1124 1279 1221 1350 nosse,

228 1366 336 1444 negotii
358 1365 428 1423 nihil
457 1374 526 1422 erat.
582 1362 673 1432 Vidit,
701 1379 821 1419 necesse
848 1380 911 1418 esse
937 1359 1050 1430 Miloni,
1077 1359 1221 1434 proficisci

229 1445 391 1503 Lanuvium
408 1443 456 1501 illo
471 1443 541 1519 ipso,
556 1461 613 1517 quo
625 1441 771 1516 profectus
792 1449 845 1510 est,
859 1440 926 1497 die:
949 1439 1045 1513 itaque
1060 1439 1220 1495 antevertit.

229 1526 271 1583 At
285 1545 341 1600 quo
355 1524 424 1581 diel
445 1541 502 1597 quo
517 1522 563 1598 (ut
577 1519 644 1578 ante
659 1520 732 1599 dixi)
757 1519 941 1577 insanissima
964 1518 1067 1576 concio
1081 1518 1118 1574 ab
1131 1517 1222 1592 ipsius

181 1617 215 1670 15
229 1603 410 1662 mercenario
429 1602 546 1659 tribuno
569 1600 661 1676 plebis
681 1609 725 1656 est
745 1598 910 1656 concitata:
940 1616 1027 1672 quem
1054 1597 1130 1654 diem
1162 1596 1221 1667 ille,

230 1703 316 1758 quam
338 1681 518 1750 concionem,
534 1699 604 1754 quos
627 1679 778 1748 clamores,
802 1677 857 1734 nisi
880 1677 915 1732 ad
930 1676 1087 1752 cogitatum
1109 1675 1223 1732 facinus

230 1769 441 1836 approperaret,
456 1776 605 1832 nunquam
619 1757 790 1832 reliquisset
832 1755 910 1832 Ergo
930 1755 971 1812 illi
992 1775 1030 1812 ne
1050 1773 1140 1812 causa
1159 1754 1223 1830 qui·

229 1839 295 1896 dem
324 1837 444 1908 itineris,
473 1837 560 1894 etiam
589 1855 678 1893 causa
699 1835 855 1893 manendi:
877 1833 981 1892 Miloni
1001 1832 1138 1890 manendi
1159 1834 1223 1890 nul-

228 1917 258 1974 la
279 1915 410 1988 facultas,
432 1914 557 1973 exeundi
584 1934 641 1972 non
670 1933 760 1972 causa
779 1913 882 1985 solum,
910 1912 1069 1971 sedetiam
1096 1911 1223 1970 necessi-

179 2003 274 2057 actas
295 1995 355 2053 fuit.

268 2074 371 2136 Quidl
393 2073 427 2144 si,
442 2083 474 2131 ut
497 2072 545 2130 ille
569 2071 663 2145 scivit,
688 2071 829 2131 Milonem
853 2072 912 2130 fore
933 2091 969 2130 eo
988 2070 1036 2128 die
1056 2069 1087 2128 in
1108 2069 1164 2143 vis,
1179 2071 1224 2130 sic

230 2153 365 2213 Clodium
381 2152 505 2211 Milone
519 2152 659 2229 suspicari
674 2152 791 2229 quidem
804 2151 918 2228 potuitl
1018 2183 1021 2189 ·

270 2231 400 2292 Primrim
425 2252 531 2309 qumro,
559 2231 608 2308 qui
630 2234 706 2291 scire
728 2232 872 2309 potueritl
909 2231 985 2306 quod
1011 2250 1062 2289 vos
1086 2229 1162 2287 idem
1191 2230 1221 2288 in

230 2314 334 2371 Clodio
348 2332 476 2387 quarere
490 2333 546 2370 non
561 2312 686 2389 potestis.
729 2312 768 2369 Ut
781 2311 859 2369 enim
882 2310 1029 2369 neminem
1052 2309 1151 2381 alium,
1165 2309 1222 2368 nisi

180 2397 216 2453 25
231 2392 268 2450 T.
292 2391 436 2462 Patinam,
460 2391 715 2449 familiarissimum
737 2410 831 2461 suum,
859 2389 997 2465 rogiseet,
1025 2388 1100 2446 scire
1120 2389 1221 2465 potuit,

230 2471 279 2528 illc
294 2470 355 2545 ipso
368 2470 416 2527 die
431 2470 553 2528 Lanuvii
572 2470 743 2527 adictatore
767 2468 878 2526 Milone
899 2468 980 2543 prodi
1005 2467 1151 2526 flaminem
1172 2488 1222 2525 ue·

231 2568 312 2606 cesse
327 2567 399 2605 csse.
441 2548 501 2605 Sed
519 2559 601 2606 erant
624 2547 760 2625 permulti
784 2548 843 2619 alii,
857 2568 893 2606 ex
914 2547 1019 2622 quibus
1040 2548 1069 2605 id
1084 2546 1221 2604 facillime

230 2628 305 2684 scire
340 2636 450 2702 posset;
485 2646 584 2685 omnes
611 2627 724 2685 scilicet
755 2627 906 2685 Lanuvini.
961 2625 1036 2684 Milo
1061 2627 1098 2683 de
1124 2626 1222 2683 Clodii

230 2705 324 2762 reditu
349 2705 426 2762 unde
448 2706 598 2779 quaesivitl
637 2706 797 2767 Quaesierit
819 2704 909 2763 sane:
931 2705 1035 2776 videte,
1060 2704 1223 2781 quidnobis

179 2785 215 2840 30
230 2783 355 2860 largiar:
377 2803 490 2841 servum
505 2784 593 2842 etiam
609 2784 655 2860 (ut
679 2786 793 2855 Arrius,
807 2803 890 2842 meus
913 2785 1034 2855 amicus,
1051 2783 1136 2860 dixit)
1160 2803 1222 2841 cor·
1280 2826 1289 2837 .

230 2863 346 2938 ruperit.
398 2862 501 2939 Legite
528 2864 690 2921 testimonia
717 2864 833 2920 testium
861 2874 1026 2921 vestrorum.
1077 2862 1159 2920 Dixit
1185 2863 1220 2920 C.

230 2942 391 3015 Cassinius,
415 2952 604 3019 cognomento
632 2942 728 3012 Scola,
757 2941 948 3012 Interamnas,
971 2941 1221 3012 familiarissimus,

230 3032 259 3079 et
274 3022 349 3079 idem
366 3041 463 3080 comes
485 3021 516 3079 P.
533 3021 638 3091 Clodii,
662 3020 760 3097 (cujus
780 3020 951 3098 jampridem
976 3020 1140 3078 testimonio
1154 3020 1222 3077 Clo-

230 3102 295 3159 dius
309 3102 411 3158 eidem
436 3100 505 3157 horit
530 3098 703 3157 Interamnae
729 3100 830 3170 fuerat,
845 3110 873 3157 et
897 3099 1015 3177 Rome)
1038 3099 1069 3155 P.
1085 3098 1219 3156 Clodium

179 3183 215 3237 35
230 3180 279 3238 illo
306 3180 353 3238 die
382 3179 410 3237 iu
439 3179 555 3237 Albano
581 3198 749 3235 mansurum
776 3178 882 3248 suisse3
911 3179 962 3235 sed
989 3176 1084 3235 subitd
1107 3178 1134 3235 ei
1157 3198 1221 3235 esse

229 3258 403 3329 nuntiatum,
426 3257 535 3332 Cyrum
560 3256 751 3314 architectum
772 3277 835 3314 esse
859 3268 1019 3327 mortuum;
1047 3257 1145 3331 itaque
1158 3256 1221 3313 Ro·

229 3356 306 3394 mam
321 3333 437 3412 repente
463 3334 646 3392 constituisse
668 3335 822 3410 proficisci
864 3335 945 3393 Dixit
959 3336 1024 3407 hoe,
1040 3354 1137 3393 comes
1152 3336 1221 3393 item

229 3416 260 3475 P.
276 3414 382 3485 Clodii,
397 3415 432 3472 C.
448 3413 576 3471 Clodius.

268 3494 387 3552 XVIII.
429 3493 544 3564 Videte,
566 3492 689 3568 judices,
705 3504 819 3566 quante
844 3513 889 3551 res
903 3492 948 3550 his
970 3492 1142 3551 testimoniis
1164 3491 1221 3551 sint

178 3578 213 3632 40
228 3574 376 3632 confectae.
419 3571 558 3642 Primum,
584 3569 662 3628 certe
687 3572 825 3629 liberatur
853 3571 935 3642 Milo,
960 3592 1017 3630 non
1041 3592 1077 3629 eo
1100 3572 1221 3630 consilio

227 3653 372 3727 profectus
386 3672 459 3722 esse,
474 3662 506 3707 ut
520 3649 703 3708 insidiaretur
728 3650 757 3708 in
781 3652 828 3708 vit
851 3651 972 3721 Clodi0;
1000 3650 1105 3726 quippe
1129 3650 1178 3724 qui
1192 3650 1220 3707 ei

226 3731 327 3787 obvius
350 3733 461 3788 futurus
482 3730 599 3788 omnino
620 3750 677 3787 non
702 3740 772 3787 erat.
815 3730 930 3787 Deinde
948 3731 1019 3804 (non
1034 3728 1112 3786 enirn
1126 3729 1219 3799 video,

227 3828 279 3864 cur
294 3828 350 3866 non
365 3828 461 3866 meum
476 3827 588 3883 quoque
603 3827 687 3884 agam
701 3808 863 3886 negotium)
879 3809 969 3879 scitis,
982 3808 1105 3884 judices,
1121 3808 1220 3880 fuisse,

227 3884 286 3957 qui,
302 3884 331 3941 in
346 3887 401 3943 hac
415 3887 562 3961 rogatione
577 3888 737 3958 suadendi,
762 3887 902 3959 dicerent,
918 3886 1037 3945 Milonis
1060 3906 1151 3945 manu
1166 3907 1221 3945 cre·
