2775 4425
505 892 736 975 ORATIO
776 892 811 979 Ι.

642 1100 675 1141 ΙΝ

367 1268 945 1345 donnini-nain.
1151 1364 1156 1374 .

545 1436 785 1539 ‚Effl-
873 1419 1200 1587 is-i‘'s“,s⁷

848 1575 1053 1700 spem„
1111 1570 1193 1703 '¹7
1254 1624 1260 1635 .

140 1642 198 1731 s
205 1698 229 1758 Ι.
269 1700 444 1762 Quonaonn
459 1699 576 1757 tandein
592 1698 722 1771 abutere,
734 1698 871 1771 Catilina,
882 1698 1020 1776 patientid
1033 1698 1151 1755 nostrat

62 1796 66 1803 ⁴
164 1779 301 1855 quamdiu
317 1780 403 1835 etiarn
419 1780 494 1835 snror
510 1779 562 1835 iste
577 1789 644 1836 tuus
658 1798 711 1835 nos
721 1779 839 1836 eludetl
859 1796 945 1855 quem
960 1778 995 1835 ad
1008 1777 1094 1835 linern
1107 1796 1151 1835 se·

165 1877 197 1915 se
210 1858 358 1915 effrenata
369 1858 491 1934 jactabit
505 1858 649 1915 audaciai
684 1858 805 1915 Nihilne
819 1870 848 1915 te
863 1870 1036 1915 nocturnum
1052 1856 1149 1934 presi·

165 1937 246 1994 dium
275 1937 388 2007 Palatii,
410 1937 488 1993 nihil
507 1936 592 1994 Urbis
613 1936 728 2014 vigilie,
749 1938 821 1994 nihil
842 1938 926 1993 timor
946 1936 1053 2012 populi,
1074 1936 1145 1993 nihil

166 2034 327 2073 concursus
342 2016 479 2072 bonorum
494 2015 634 2087 omnium,
650 2016 720 2073 nihil
736 2017 784 2073 hic
799 2016 1009 2073 munitissimus
1022 2014 1148 2071 habendi
1183 2010 1202 2062 5

23 2092 26 2097 ’
65 2130 69 2136 ·
166 2095 285 2151 senatirs
299 2095 390 2165 locus,
405 2094 476 2151 nihil
493 2095 594 2151 horum
608 2113 658 2151 cra
672 2095 834 2169 vultusque,
845 2106 995 2150 moverunt
1005 2094 1035 2169 li(
1047 2092 1150 2149 Patere

166 2183 217 2231 tua
244 2173 365 2231 consilia
386 2192 443 2232 non
464 2174 576 2231 sentisl
606 2174 792 2230 constrictam
811 2172 871 2249 jain
897 2172 1026 2230 omnium
1048 2171 1149 2228 horum

167 2253 348 2310 conscientia
376 2253 467 2310 teneri
496 2251 724 2329 conjurationem
745 2263 824 2309 tuam
846 2271 903 2308 non
924 2251 1037 2307 videno
1067 2250 1150 2312 Quid

166 2333 306 2408 proximi,
320 2332 388 2407 quid
410 2333 667 2407 superiore,¹nocte
687 2331 792 2408 egeris,
807 2331 856 2387 ubi
878 2330 976 2400 suerib,
991 2347 1063 2405 qnos
1083 2349 1152 2386 con·

167 2411 313 2468 vocaveris
337 2411 406 2487 quid
421 2411 535 2468 consilii
549 2409 670 2486 ceperis,
684 2429 769 2486 quem
784 2409 914 2468 nostrirm
931 2409 1064 2484 ignorare
1078 2409 1151 2466 arbi·
1169 2403 1204 2458 1⁰

1 2509 7 2546 r·
166 2490 271 2547 trarisl

207 2568 236 2626 Ο
251 2569 397 2645 tempora!
419 2587 437 2626 0
451 2569 561 2626 mores!
604 2569 730 2626 Senatus
744 2569 808 2626 haec
821 2568 972 2646 intelligit3
994 2567 1095 2626 consul
1110 2567 1151 2624 vi·

167 2647 233 2705 det:
255 2649 303 2705 hic
317 2661 414 2705 tamen
429 2647 513 2705 vivit!
548 2647 652 2705 vivitt
674 2649 763 2706 immo
778 2646 857 2720 reid,
871 2649 959 2705 etiarn
974 2649 1003 2705 in
1018 2659 1150 2704 senatum

91 2785 94 2790 ,
168 2727 263 2785 venit:
286 2727 317 2784 fit
330 2726 440 2804 publici
455 2726 568 2784 consilii
587 2728 750 2804 particeps:
773 2738 853 2785 notat
866 2739 896 2785 et
909 2727 1044 2804 designat
1057 2726 1151 2783 oculis

169 2807 205 2862 ad
220 2806 329 2864 caedem
344 2824 576 2882 unumquemque
597 2807 735 2865 nostriim.
776 2806 840 2864 Nos
861 2815 968 2876 autem,
983 2805 1036 2862 viri
1054 2805 1150 2874 sortes,
1169 2807 1204 2859 15

64 2879 72 2896 '
168 2885 335 2955 malacere
350 2884 515 2962 reipublicae
530 2885 672 2958 videmur,
686 2887 711 2943 si
726 2886 808 2942 istius
822 2885 946 2942 furorem
961 2902 997 2941 ac
1009 2884 1068 2940 tela
1082 2883 1152 2939 vite-

169 2983 242 3021 mus.
1061 2977 1064 2982 ·

209 3043 258 3099 Ad
279 3042 398 3100 morlem
419 3054 458 3114 te,
479 3043 617 3114 Catilina,
634 3041 714 3113 duci,
726 3041 808 3117 jussu
829 3040 967 3111 consolis,
979 3039 1152 3116 jampridem

169 3123 335 3197 oportebat;
358 3122 387 3178 in
409 3133 437 3180 te
454 3123 578 3181 conferri
598 3131 707 3197 pestem
730 3122 823 3190 istam,
837 3139 924 3195 quain
938 3130 969 3177 tu
983 3120 1013 3176 in
1029 3138 1080 3175 nos
1093 3137 1154 3176 orn·

170 3219 222 3257 nes
233 3200 344 3277 jamdiu
359 3201 543 3259 machinaris.
586 3202 635 3258 An
650 3198 718 3258 verb
729 3200 772 3256 tir
784 3199 986 3275 amplissimus,
998 3199 1029 3256 P.
1042 3197 1152 3274 Scipio,
1169 3200 1205 3254 2⁰

169 3280 298 3355 pontifex
319 3282 470 3353 maximus,
485 3280 533 3338 Ti.
549 3280 717 3338 Gracchum
732 3278 915 3337 mediocriter
928 3278 1152 3336 labefactantem

170 3369 275 3416 statum
296 3360 473 3436 reipublicae,
494 3357 620 3437 privatus
641 3359 801 3430 interiecit3
832 3358 988 3416 Catilinam
1011 3357 1088 3429 verb,
1108 3378 1153 3416 or·

169 3435 235 3494 bem
251 3451 333 3496 terrae
348 3440 428 3497 caede
444 3451 527 3514 atque
543 3438 686 3496 incendiis
700 3454 812 3496 vastare
827 3439 1003 3514 cupientem,
1018 3457 1071 3495 nos
1085 3457 1154 3494 con·

169 3517 247 3574 sules
260 3518 458 3592 perfer'e'musl
480 3537 546 3575 nam
563 3518 611 3576 illa
625 3518 712 3575 nimis
727 3519 844 3593 antiqua
861 3528 1010 3595 pretereo,
1024 3517 1101 3592 qubd
1116 3516 1151 3573 C.

170 3595 310 3654 Servilius
332 3599 428 3654 Ahala
449 3599 498 3674 Sp.
518 3596 640 3654 Melium
661 3598 743 3654 noris
762 3598 849 3654 rebus
869 3597 1044 3666 studentem,
1065 3614 1152 3652 manu
1168 3595 1206 3648 23

169 3674 223 3732 sud
236 3675 353 3734 occidit.
396 3675 475 3748 Fuit,
487 3675 541 3734 fuit
554 3676 609 3734 ista
622 3677 766 3752 quondam
782 3675 812 3732 in
827 3677 882 3732 hac
894 3674 1043 3749 republicd
1054 3674 1153 3746 virtus,

169 3763 202 3810 ut
220 3754 275 3811 viri
297 3755 383 3814 sortes
397 3756 557 3814 acrioribus
577 3755 726 3831 ruppliciis
740 3755 831 3812 civem
846 3753 1052 3831 perniciosum,
1066 3751 1153 3829 quim

171 3833 390 3892 acerbissimum
419 3837 541 3906 hostem,
562 3839 742 3892 coercerent
784 3833 935 3890 Habemus
956 3833 1155 3891 senatis-con·

122 3949 126 3954 ·
170 3909 278 3970 cultum
292 3912 322 3971 in
337 3923 376 3988 te,
391 3914 529 3986 Catilina,
540 3913 697 3971 vehemens
709 3921 739 3969 et
752 3931 855 3990 grave:
877 3931 936 3971 non
947 3912 1028 3971 deest
1041 3911 1156 3988 reipub-
