2775 4425
410 362 546 413 ORATlO
568 362 607 412 IN
629 361 666 412 M.
689 361 893 412 abromum.
1142 361 1200 420 139

152 507 318 583 respublica
342 517 491 564 auctores:
523 526 578 584 ego
600 517 629 564 te
650 504 764 564 tantirm
784 505 912 584 gaudere
932 503 1017 574 dico;
1045 502 1150 561 secisse

153 607 212 644 non
227 606 327 663 arguo.
369 584 519 660 Respondi
533 585 666 644 maximis
687 585 876 642 criminibus:
897 583 1085 644 nuncetiam
1106 601 1151 641 re·

153 665 241 740 liquis
256 665 489 740 respondendum
504 675 556 722 est.

194 744 263 801 XV.
298 744 404 802 Castra
418 743 488 799 milri
503 741 644 819 Pompeii,
659 752 748 816 atque
762 741 833 799 illud
857 761 943 800 omne
962 752 1086 817 tempus,
1100 741 1150 800 ob-

152 822 257 898 jecisti.
298 822 369 884 Quo
383 822 498 898 quidem
522 832 650 897 tempore
664 821 687 878 si
714 819 760 896 (ut
783 820 857 899 diri)
880 840 976 880 meum
997 820 1149 880 consilium
1180 823 1200 877 5

156 902 369 976 auctoritasque
384 901 536 970 valuisset;
558 910 590 958 tu
605 901 690 958 hodie
704 919 824 976 egeres;
845 919 898 958 nos
908 899 991 958 liberi
1001 918 1149 968 essemus;

155 980 321 1056 respublica
347 1000 405 1038 non
432 990 472 1038 tot
496 979 585 1037 duces
606 989 634 1036 et
664 978 809 1037 exercitus
840 978 990 1036 amisisset
1044 977 1150 1036 Fateor

155 1060 243 1130 enirn,
259 1077 316 1130 me,
328 1055 396 1116 cirin
410 1076 455 1128 ea,
470 1077 533 1133 qua
555 1057 736 1128 acciderunt,
749 1056 928 1132 providerem
949 1058 1055 1128 futura,
1069 1059 1150 1116 tanta

154 1137 184 1194 in
200 1138 335 1195 moestitid
352 1137 448 1208 fuisse,
463 1137 571 1212 quanta
586 1135 683 1194 ceteri
707 1135 808 1212 optimi
832 1137 920 1208 cives,
935 1136 959 1194 si
984 1136 1061 1194 idem
1085 1156 1150 1211 pro-

154 1212 304 1286 vidissent,
335 1216 464 1274 fuissent.
506 1215 658 1286 Dolebam,
685 1215 828 1287 dolebam,
849 1214 950 1274 Patres
973 1215 1200 1291 Conscripti,1⁰

155 1295 376 1370 rempublicam,
401 1293 501 1352 vestris
525 1293 669 1369 quondam
693 1293 824 1369 meisque
848 1294 977 1353 consiliis
999 1313 1150 1352 conserva·

156 1383 225 1444 tam,
242 1374 320 1430 brevi
344 1383 472 1448 tempore
495 1393 558 1430 esse
580 1372 746 1451 perituram.
787 1371 893 1446 Neque
907 1371 975 1430 verb
989 1391 1068 1430 eram
1089 1383 1149 1429 tam

156 1452 290 1510 indoctus
305 1451 479 1528 ignarusque
493 1470 599 1523 rerum,
624 1461 656 1510 ut
680 1451 828 1528 frangerer
843 1451 940 1508 auimo
957 1463 1072 1526 propter
1086 1451 1150 1508 vita

156 1531 434 1606 cupiditatemque
449 1549 495 1588 me
509 1549 629 1589 manens
653 1529 810 1588 conficeret
833 1529 998 1605 angoribus,
1022 1529 1150 1599 dimissa,
1218 1579 1222 1584 .

155 1609 294 1668 molestiis
307 1609 440 1667 omnibus
453 1609 596 1667 liberaret.
638 1608 708 1666 Illos
727 1627 783 1684 ego
804 1608 1053 1685 praestantissimos
1067 1608 1150 1680 viros,
1167 1613 1201 1666 15
1305 1617 1310 1624 '

155 1689 266 1746 lumina
280 1687 455 1764 reipublice,
470 1689 565 1746 virere
579 1687 720 1758 volebam,
735 1698 777 1745 tot
799 1688 975 1757 consulares,
990 1696 1031 1744 tot
1051 1699 1152 1762 praeto·

156 1767 222 1839 rios,
254 1777 296 1826 tot
323 1767 537 1825 honestissimos
557 1777 715 1838 senatores,
737 1785 855 1825 omnem
884 1777 1024 1842 praterea
1051 1765 1150 1824 florem

156 1845 314 1904 nobilitatis
335 1864 371 1903 ac
391 1845 559 1922 juventutis,
583 1856 644 1903 tum
664 1846 837 1921 optimorum
857 1845 966 1904 civium
985 1845 1149 1903 exercitus:

156 1925 205 2000 qui
220 1925 243 1982 si
259 1925 396 1996 viverent,
411 1923 540 2000 quamvis
554 1924 653 2000 iniqud
673 1925 838 1984 conditione
858 1925 949 2000 pacis,
966 1924 1051 1999 (mihi
1071 1924 1149 1983 enim

156 2004 249 2062 omnis
262 2023 319 2078 pax
333 2023 400 2061 cum
415 2003 526 2061 civibus
540 2004 615 2062 bello
629 2004 707 2062 civili
728 2004 824 2062 utilior
838 2003 1002 2082 ridebatur)
1018 2003 1150 2078 rempub
1163 2002 1200 2056 2⁰

156 2083 244 2140 licam
259 2083 344 2141 hodie
358 2093 530 2141 teneremus.
570 2082 649 2144 Quae
672 2082 817 2140 sententia
830 2082 854 2139 si
869 2082 1015 2152 valuisset,
1036 2101 1072 2138 ac
1092 2102 1149 2139 non

157 2161 177 2219 ii
191 2160 316 2220 maxime
332 2161 411 2234 milri,
426 2181 545 2238 quorum
560 2181 614 2239 ego
637 2161 703 2219 vitae
726 2161 923 2231 consulebam,
947 2179 998 2235 spe
1022 2159 1149 2217 victorias

156 2242 234 2313 elati,
249 2242 440 2311 obstitissent;
462 2251 494 2297 ut
508 2242 565 2299 alia
577 2241 719 2310 omittam,
733 2250 765 2297 tu
779 2238 861 2296 certe
884 2256 1035 2312 nunquam
1050 2238 1080 2295 in
1095 2240 1150 2295 hoc

155 2322 267 2393 ordine,
281 2320 325 2378 vel
339 2320 434 2397 potiris
449 2320 478 2377 iu
493 2321 548 2377 hac
563 2321 644 2390 urbe,
659 2318 823 2375 mansisses.

196 2402 238 2458 At
253 2399 320 2457 verb
336 2399 391 2457 Cn.
406 2398 535 2476 Pompeii
559 2398 734 2457 voluntatem
750 2416 767 2455 a
789 2415 836 2455 rue
858 2396 1042 2455 abalienabat
1060 2394 1152 2453 oratio
1163 2402 1200 2458 25

116 2478 118 2481 ’
156 2498 229 2537 mea.
273 2479 322 2537 An
338 2479 385 2537 ille
400 2496 565 2553 quenquam
587 2476 653 2553 plirs
677 2476 800 2535 dssenrt
821 2495 888 2535 curn
909 2475 968 2535 ullo
982 2486 1032 2532 aut
1045 2494 1152 2533 sermo-

157 2578 209 2617 nes
224 2568 274 2615 aut
289 2558 409 2615 consilia
423 2556 545 2615 contulit
559 2556 685 2632 saepiusl
707 2556 782 2631 quod
796 2556 912 2632 quidem
926 2566 989 2613 erat
1002 2574 1150 2633 magnum,

156 2638 192 2695 de
206 2638 319 2695 summai
334 2657 364 2695 re
378 2636 591 2707 dissentientes,
606 2635 634 2693 iu
650 2636 753 2693 eddam
777 2637 986 2694 consuetudine
1012 2634 1149 2693 amicitia

156 2735 335 2792 permanere.
378 2716 437 2773 Sed
451 2730 480 2773 et
494 2734 558 2791 ego,
572 2713 641 2789 quid
655 2715 714 2787 ille,
728 2726 758 2773 et
777 2714 878 2773 coutrd
898 2714 957 2785 ille,
971 2713 1039 2790 quid
1053 2735 1108 2792 ego
1121 2725 1151 2772 et

156 2796 294 2854 sentirem
316 2805 347 2853 et
373 2805 545 2869 spectarem,
570 2792 691 2851 ridebat.
734 2794 799 2870 Ego
825 2793 1016 2851 incolumitati
1043 2794 1199 2851 civiumllll

156 2872 291 2951 primdm,
319 2884 348 2931 et
370 2883 470 2949 postea
493 2871 643 2949 dignitati3
666 2872 715 2929 ille
742 2883 878 2948 praesenti
899 2872 1034 2947 dignitati
1055 2872 1150 2945 potids

157 2954 333 3012 consulebat.
374 2951 466 3013 Quod
481 2962 576 3009 autem
590 2952 716 3009 habebat
730 2959 850 3024 uterque
873 2949 949 3023 quod
972 2960 1150 3023 sequeretur,

157 3032 268 3091 idcireo
294 3031 468 3089 tolerabilior
495 3040 557 3088 erat
584 3040 680 3086 nostra
706 3026 855 3085 dissensio.
908 3024 992 3086 Quid
1013 3025 1080 3082 verb
1102 3027 1151 3083 ille

157 3110 311 3189 singularis
325 3110 377 3181 vir,
400 3129 434 3167 ac
457 3107 532 3185 pene
554 3108 678 3177 divinus,
693 3106 730 3163 de
753 3124 801 3162 me
825 3104 956 3174 senserit,
981 3103 1086 3174 sciunt,
1101 3105 1150 3178 qui

156 3210 223 3248 eum
238 3192 275 3248 de
290 3188 456 3247 Pharsalica
473 3188 541 3265 lugd
563 3187 693 3262 Paphum
714 3182 858 3259 prosecuti
875 3192 950 3240 sunt
991 3181 1149 3256 Nunquam
1162 3182 1199 3235 35

157 3271 193 3327 ab
207 3268 365 3327 sementia
387 3268 424 3325 de
447 3286 503 3339 me,
528 3266 583 3323 nisi
608 3264 775 3334 honorifica,
799 3262 856 3320 nisi
875 3261 960 3338 plena
982 3260 1150 3318 amicissimi

156 3346 310 3417 desiderii;
333 3345 401 3405 crim
415 3365 461 3403 me
476 3345 580 3403 vidisse
605 3343 669 3419 plus
693 3343 840 3414 fateretur,
855 3360 888 3399 ae
911 3340 1071 3417 speravisse
1091 3359 1151 3397 rne-

156 3427 235 3485 liora.
278 3427 317 3484 Et
341 3426 403 3501 ejus
426 3425 481 3482 viri
504 3422 620 3482 nomine
644 3440 691 3480 me
715 3420 852 3480 insectari
876 3422 976 3493 audes,
1000 3419 1084 3495 cujus
1104 3437 1150 3477 me

157 3506 294 3577 amicum,
309 3516 338 3563 te
352 3515 504 3575 sectorem,
519 3522 582 3561 esse
597 3502 727 3562 fatearel

195 3584 280 3643 XVI.
303 3584 363 3641 Sed
377 3583 525 3642 omittatur
540 3581 646 3639 bellum
670 3580 752 3651 illud,
766 3579 797 3637 in
820 3588 922 3656 quotu
945 3574 1068 3636 nimiirm
1083 3576 1198 3637 lelixdo

156 3663 243 3721 fuisti.
286 3663 334 3721 Ne
358 3662 432 3739 jocis
456 3660 573 3737 quidem
596 3659 784 3735 respondebo,
808 3659 913 3733 quibus
935 3676 982 3715 rne
1004 3655 1151 3713 incastris

156 3762 239 3799 usum
264 3762 328 3800 esse
351 3739 456 3799 dixisti.
499 3738 590 3797 Erant
614 3738 663 3796 illa
687 3737 804 3813 quidem
827 3747 923 3795 castra
945 3735 1033 3812 plena
1052 3754 1149 3792 curm:

156 3834 343 3881 veruntamen
358 3819 498 3891 homines,
514 3816 644 3893 quamvis
667 3815 697 3875 in
712 3815 835 3874 turbidis
858 3816 944 3873 rebus
958 3815 1025 3886 sint,
1039 3823 1148 3882 tamen,
