2775 4425
218 334 259 391 (50
489 331 626 381 ORATIO
649 332 720 382 PRO
743 333 839 383 LEGE
861 334 1028 386 Manium.

269 472 412 543 suluistis3
433 472 513 532 recte
528 474 575 533 isti
589 475 685 533 studia
698 486 792 534 vestra
811 478 872 535 suis
892 478 1020 537 consiliis
1038 498 1139 556 regere
1153 500 1271 541 conan-

269 560 323 610 tur.
365 554 418 610 Sin
434 566 529 610 autern
549 574 596 611 vos
617 555 680 630 plus
697 567 758 612 tum
773 556 802 612 in
817 557 979 632 republica
993 559 1118 629 vidistis;
1141 580 1200 632 vos,
1218 563 1270 619 his

269 633 504 708 repugnantibus,
528 653 578 709 per
600 644 710 691 vosmet
737 635 811 710 ipsos
834 636 1005 711 dignitatem
1032 638 1101 694 huic
1129 639 1267 715 imperio,

268 712 389 768 salntem
411 712 472 768 orbi
495 724 644 782 terrarum,
661 713 811 783 attulistis,
833 714 988 789 aliquando
1001 716 1048 773 isti
1063 718 1218 793 principes,
1234 730 1269 777 et

233 801 251 854 5
268 790 322 847 sibi
337 802 366 847 et
380 791 502 863 caeteris,
516 790 612 869 populi
633 790 761 850 Romani
781 793 908 851 universi
922 795 1088 853 auctoritati
1098 798 1267 871 parendum

267 889 331 928 esse
345 870 497 927 fateantur.
1111 912 1126 931 .

308 949 414 1024 Atque,
430 949 459 1006 in
473 949 528 1007 hoc
542 949 618 1007 bello
638 946 770 1007 Asiatico
789 960 819 1007 et
838 951 928 1027 regio,
942 971 1000 1009 non
1020 950 1113 1011 solinu
1126 954 1268 1015 militaris

268 1026 318 1085 illa
332 1029 430 1098 virtus,
444 1047 507 1103 quae
526 1037 570 1085 est
588 1028 618 1086 in
637 1028 692 1085 Cn.
707 1028 844 1105 Pompeio
862 1030 1026 1106 singularis,
1039 1032 1092 1089 sed
1114 1033 1178 1089 alise
1191 1054 1268 1108 quo-

265 1125 323 1181 que
345 1108 463 1164 virtutes
488 1107 576 1165 animi
595 1107 692 1165 multae
714 1117 744 1164 et
763 1126 876 1185 magnae
896 1110 1088 1184 requiruntur.
1130 1112 1266 1171 Difficile

218 1193 251 1247 10
268 1196 311 1243 est
332 1185 361 1243 in
382 1186 466 1259 Asia,
485 1186 602 1257 Cilicia,
624 1186 718 1261 Syria,
739 1188 892 1263 regnisque
910 1188 1078 1247 interiorum
1098 1191 1266 1263 nationum,

268 1264 308 1322 ita
331 1265 438 1322 versari
465 1276 590 1323 vestrum
618 1265 827 1341 imperatorem,
851 1277 884 1323 ut
904 1267 976 1323 nihil
1000 1268 1089 1339 alind,
1112 1268 1200 1344 quarn
1224 1272 1268 1328 de

268 1344 348 1401 hoste
363 1363 399 1401 ac
412 1344 448 1401 de
462 1344 548 1403 laude
563 1344 677 1421 cogitet.
720 1344 845 1415 Deinde,
863 1346 951 1403 etiam
969 1346 1044 1421 siqui
1063 1358 1132 1404 sunt
1150 1349 1267 1423 pudore

269 1442 304 1480 ac
322 1423 511 1500 temperantia
529 1423 751 1493 moderatiores3
772 1433 869 1481 tamen
891 1444 941 1482 eos
962 1444 1026 1483 esse
1047 1426 1128 1497 tales,
1147 1438 1270 1503 propter

268 1502 482 1561 multitudinem
504 1503 672 1578 cupidorum
693 1502 852 1573 hominum,
867 1522 953 1561 nemo
973 1503 1136 1562 arbitratur.
1177 1504 1267 1563 Diffi·

218 1580 251 1634 15
269 1582 324 1639 cile
347 1593 390 1639 est
409 1582 500 1653 dictu,
513 1582 656 1653 Quirites,
670 1592 780 1657 quanto
801 1581 831 1639 in
852 1582 919 1640 odio
939 1582 1030 1640 simus
1053 1584 1129 1659 apud
1146 1594 1267 1641 exteras

269 1661 409 1722 nationes.
433 1671 545 1737 propter
569 1679 678 1732 eorum,
702 1680 773 1735 quos
797 1660 834 1717 ad
857 1680 906 1718 eos
928 1681 979 1737 per
1002 1662 1054 1719 hos
1078 1682 1168 1720 annos
1191 1682 1266 1721 cum

269 1738 388 1814 imperio
408 1740 547 1809 misimus,
570 1738 688 1814 injurias
710 1758 745 1796 ac
765 1740 909 1797 libidines.
949 1740 1040 1802 Quod
1060 1742 1138 1799 enim
1160 1742 1266 1799 fanum

268 1818 374 1893 putatis
396 1817 425 1875 in
448 1818 504 1875 illis
525 1817 609 1875 terris
628 1818 732 1876 nostris
750 1817 965 1895 magistratibus
982 1819 1159 1896 religiosum,
1173 1840 1266 1897 quam

270 1894 415 1952 civitatem
443 1906 583 1966 sanctam,
607 1916 693 1971 quam
718 1896 835 1955 domum
861 1898 931 1955 satis
955 1898 1084 1955 clausam
1109 1918 1144 1957 ac
1167 1900 1266 1957 muni·

217 1981 252 2035 20
269 1984 329 2031 tam
356 1974 465 2033 fuisset
506 1974 600 2033 Urbes
630 1975 689 2051 jam
717 1976 874 2052 locupletes
902 1996 937 2033 ac
963 1977 1085 2052 copiosae
1112 1979 1267 2053 requirun-

269 2064 326 2124 tur,
346 2054 451 2129 qnibus
475 2073 563 2112 causa
587 2055 665 2125 belli,
686 2068 800 2131 propter
821 2055 975 2131 diripiendi
999 2055 1196 2131 cupiditatem,
1220 2058 1265 2115 in·

270 2134 386 2191 feratur.
429 2134 566 2191 Libenter
589 2135 652 2191 haec
674 2133 772 2192 coram
794 2153 862 2191 cum
883 2135 923 2196 Q.
945 2134 1051 2191 Catulo
1071 2145 1100 2191 et
1122 2136 1163 2197 Q.
1185 2136 1265 2193 Hor·

270 2215 363 2273 tensio
386 2213 570 2290 disputarem,
593 2215 714 2272 summis
740 2225 770 2271 et
797 2214 964 2272 clarissimis
990 2215 1066 2271 viris.
1109 2215 1265 2274 Noverunt

270 2295 348 2351 enim
370 2295 513 2352 sociorum
537 2293 672 2352 vulnera:
701 2293 800 2350 vident
822 2312 921 2350 eornm
945 2293 1143 2351 calamitates:
1166 2296 1266 2368 queri·

217 2379 253 2434 25
271 2373 381 2430 monias
409 2373 538 2450 andiunt.
580 2373 635 2430 Pro
662 2372 749 2429 sociis
775 2391 824 2429 vos
851 2382 953 2429 contra
978 2371 1074 2428 hostes
1100 2374 1263 2430 exercitum

270 2452 383 2508 mittere
403 2452 519 2526 putatis,
535 2469 582 2520 an,
597 2450 720 2508 hostiurn
740 2451 931 2521 simulatione,
946 2460 1047 2508 contra
1064 2451 1157 2509 socios
1175 2463 1265 2526 atque

271 2530 401 2586 amicos'l
441 2528 519 2590 Quae
538 2529 639 2586 civitas
660 2540 704 2586 est
725 2530 756 2586 in
776 2529 859 2599 Asia,
874 2550 937 2604 quae
957 2549 1014 2587 non
1035 2529 1120 2588 modo
1141 2531 1265 2607 impera·

270 2607 339 2663 toris
354 2617 402 2664 aut
416 2607 514 2683 legati,
527 2607 579 2664 sed
594 2607 680 2664 unius
693 2608 802 2666 tribuni
817 2609 951 2680 militum,
966 2608 1077 2666 animos
1091 2627 1127 2666 ac
1144 2611 1264 2685 spiritus

271 2704 374 2760 capere
388 2687 495 2761 possiti

218 2769 254 2824 30
310 2763 430 2822 XXIII.
461 2766 573 2838 Quare,
589 2766 675 2824 etiam
695 2765 805 2841 siquem
824 2766 946 2837 habetis,
960 2766 1020 2841 qui,
1034 2765 1146 2824 collatis
1160 2767 1262 2843 signis,

271 2845 414 2902 exercitus
438 2846 531 2922 regios
555 2865 689 2922 superare
712 2865 795 2921 posse
818 2845 964 2914 videatur;
995 2856 1103 2915 tamen,
1127 2846 1183 2903 nisi
1207 2847 1264 2903 erit

272 2923 358 2995 idem,
372 2924 421 3000 qui
441 2944 472 2982 se
494 2944 511 2982 a
530 2925 662 3001 pecuniis
678 2924 832 2994 sociorum,
847 2923 895 2998 qui
916 2925 953 2981 ab
973 2942 1071 2982 eorum
1090 2924 1263 3000 conjugibus

272 3021 307 3060 ac
326 3003 435 3075 liberis,
449 3005 498 3080 qui
519 3005 555 3061 ab
575 3003 752 3062 ornamentis
770 3003 901 3061 fanornm
922 3013 1006 3077 atque
1019 3003 1197 3078 oppidorum,
1211 3022 1263 3076 qur

272 3083 308 3139 ab
333 3103 402 3142 auro
425 3085 557 3160 gazaque
581 3081 671 3159 regia,
696 3101 809 3152 manus,
830 3080 939 3152 oculos,
962 3081 1101 3150 animum,
1125 3082 1262 3138 cohibere

218 3174 254 3228 3¹5
271 3163 373 3237 possit;
395 3182 452 3219 non
473 3163 528 3219 erit
548 3161 677 3232 idoneus,
691 3160 740 3236 qui
762 3162 798 3216 ad
818 3160 925 3218 bellurn
950 3159 1114 3217 Asiaticum
1138 3160 1263 3235 regium·

271 3259 327 3316 que
354 3241 491 3298 mittatur.
533 3239 664 3314 Ecquam
691 3239 799 3315 putatis
825 3239 972 3296 civitatem
998 3249 1132 3313 pacatam
1160 3238 1260 3307 fuisse,

272 3338 335 3394 qnae
350 3319 476 3393 locuples
496 3319 553 3375 siti
581 3337 704 3392 ecquam
724 3337 787 3374 esse
807 3317 990 3393 locupletem,
1004 3335 1068 3391 quae
1083 3316 1145 3373 istis
1157 3327 1262 3392 pacata

271 3417 334 3455 esse
349 3398 498 3455 videaturl
533 3396 596 3453 Ora
613 3396 767 3467 maritima,
781 3396 924 3465 Quirites,
939 3396 994 3452 Cn.
1009 3395 1188 3470 Pompeium,
1203 3414 1262 3452 non

272 3475 364 3534 solirm
384 3486 495 3553 propter
515 3475 557 3533 rei
579 3475 711 3532 militaris
729 3475 860 3551 gloriam,
875 3474 1028 3533 sedetiam
1045 3482 1157 3548 propter
1173 3472 1261 3531 animi

219 3567 255 3620 4ο
273 3555 490 3626 continentiam,
505 3553 659 3629 requisivit.
702 3555 830 3611 Videbat
848 3551 926 3610 enim
940 3552 1075 3628 populum
1095 3551 1261 3610 Romanum

273 3655 330 3692 non
350 3635 517 3711 locupletari
538 3632 690 3709 quotannis
713 3632 837 3708 pecunia
860 3632 988 3707 publica,
1012 3640 1114 3705 pvaeter
1136 3648 1261 3718 pancos;

273 3732 366 3786 neque
381 3734 432 3770 nos
444 3713 600 3788 quidquam
622 3711 700 3768 aliud
721 3711 833 3786 assequi
854 3711 990 3767 classium
1008 3709 1262 3778 nomine,n1siut‚

273 3791 453 3848 detrimentis
475 3791 660 3866 accipiendis,
675 3789 782 3865 majore
804 3789 879 3846 affici
900 3788 1077 3864 turpitudine
1090 3788 1262 3844 videremur.

274 3867 373 3936 Nunc,
388 3869 445 3941 qua
459 3869 616 3944 cupiditate
630 3868 760 3926 homines
774 3867 804 3924 in
823 3867 997 3942 provincias,
1011 3866 1116 3940 quibus
1131 3864 1263 3941 jacturis,
