2775 4425
199 351 239 411 36
467 346 603 395 ORATIO
625 345 671 395 lV.
694 344 732 395 IN
754 344 785 394 1..
803 344 1016 395 CATILINAM.

248 489 460 565 circumspicite
480 508 580 547 omnes
604 488 754 565 procellas,
779 506 842 562 quae
867 488 1041 565 impendent,
1063 486 1119 544 nisi
1145 488 1239 563 provi-

247 570 329 627 detis.
371 568 438 626 Non
461 568 508 625 Ti.
524 569 685 638 Gracchus,
701 569 749 642 qni
774 569 876 625 iterum
901 568 1032 624 tribunus
1055 566 1146 642 plebis
1173 567 1236 624 fieri

248 648 351 718 voluit;
383 668 439 705 non
460 648 494 704 C.
519 648 681 717 Gracchus,
709 647 757 722 qui
786 647 912 723 agrarios
939 646 1086 704 concitare
1114 658 1238 701 conatus

248 738 306 796 est3
338 747 394 785 non
430 726 462 783 L.
491 726 673 795 Saturninus
702 726 751 799 qui
784 726 819 783 C.
848 725 1019 781 Memmium
1052 724 1169 793 occidit,
1205 725 1235 781 in

214 808 232 861 5
248 805 403 863 discrimen
418 805 542 879 aliquod,
558 816 643 878 atque
658 805 687 860 in
702 816 800 861 vestrae
812 804 971 861 severitatis
982 802 1134 878 judicium,
1146 803 1237 859 addu-

248 883 331 942 citur.
373 883 525 941 Tenentur
540 883 569 953 ii,
584 883 642 957 qui,
655 881 691 939 ad
705 882 792 939 Urbis
806 883 983 951 incendium,
995 881 1031 938 ad
1043 892 1163 937 vestram
1174 900 1236 938 orn-

247 962 326 1019 nium
342 964 460 1034 caedem,
477 962 511 1019 ad
526 962 683 1019 Catilinam
706 961 917 1036 accipiendum,
932 960 1035 1017 Romae
1059 960 1233 1016 restiterunt,

247 1040 398 1099 Tenentur
423 1042 522 1111 literae,
537 1040 629 1117 signa,
644 1058 757 1110 manus,
774 1040 898 1115 denique
921 1038 1146 1113 uniuscujusque
1167 1058 1236 1094 con-

248 1120 348 1178 fessio:
370 1120 558 1177 sollicitantur
573 1120 758 1195 Allobroges3
780 1118 895 1176 servitia
905 1118 1083 1175 excitantur:
1105 1116 1234 1173 Catilina

199 1198 232 1251 10
248 1200 417 1256 arcessitur:
439 1198 468 1255 id
482 1209 525 1255 est
549 1198 650 1254 initum
675 1198 837 1267 consilium,
852 1206 893 1266 ut,
908 1196 1067 1253 interfectis
1088 1196 1232 1265 omnibus,

247 1297 340 1348 nemo,
356 1297 392 1335 ne
407 1278 442 1334 ad
458 1277 662 1353 deplorandum
683 1277 799 1350 quidem
821 1275 986 1350 reipublicae
1011 1293 1124 1344 nomen,
1147 1284 1232 1348 atque

229 1378 230 1381 ¹
248 1357 281 1413 ad
298 1357 510 1414 lamentandam
526 1355 596 1412 tanti
612 1354 722 1430 imperii
738 1354 942 1423 calamitatem,
957 1354 1142 1427 relinquatur.

287 1434 343 1493 lll.
366 1436 440 1493 Haec
453 1434 550 1493 omnia
565 1434 675 1491 indices
689 1434 862 1503 detulerunt,
877 1432 919 1489 rei
933 1432 1057 1489 confessi
1078 1441 1161 1500 sunt3
1182 1450 1232 1489 vos

248 1514 343 1573 multis
361 1514 419 1590 jam
438 1514 555 1590 judiciis
579 1512 747 1589 judicastis:
774 1510 908 1587 primdm,
930 1508 1007 1584 qubd
1028 1511 1098 1567 mihi
1125 1510 1232 1586 gratias

199 1605 232 1657 15
247 1594 345 1670 egistis
359 1594 552 1670 singularibus
568 1592 675 1660 verbis3
698 1603 736 1662 et,
751 1590 816 1647 mea
839 1591 943 1647 virtute
965 1600 1049 1663 atque
1069 1589 1230 1665 diligentie,

246 1673 419 1747 perditorum
435 1672 581 1728 hominum
595 1670 768 1746 patefactam
782 1689 845 1725 esse
856 1668 1081 1744 conjurationem
1092 1668 1233 1724 decrevis-

246 1752 298 1818 tis;
320 1750 434 1820 deinde,
449 1747 526 1823 qudd
540 1748 571 1805 P.
588 1748 753 1818 Lentulum,
768 1758 800 1804 ut
813 1768 843 1804 se
859 1748 1006 1805 abdicaret
1018 1746 1151 1823 praeturti,
1166 1751 1233 1803 coe-

246 1828 343 1903 gistis;
372 1837 433 1883 turn
454 1824 530 1901 qudd
551 1844 627 1897 eum,
643 1837 671 1883 et
692 1838 820 1897 caeteros,
842 1827 878 1884 de
898 1826 1001 1901 quibus
1019 1824 1180 1900 judicastis,
1201 1826 1232 1883 in

247 1905 406 1961 custodiam
420 1905 529 1962 dandos
543 1904 712 1975 censuistis3
734 1904 926 1979 maximeque,
941 1903 1019 1978 qudd
1039 1923 1104 1961 meo
1117 1904 1233 1961 nomine

196 1991 231 2043 20
247 1983 482 2059 supplicationem
497 1983 679 2053 decrevistis3
702 1984 750 2058 qui
765 1986 853 2041 honos
867 1994 963 2060 togato
977 1983 1091 2039 habitus
1106 1993 1172 2039 ante
1185 2002 1233 2040 me

246 2072 289 2120 est
304 2062 429 2120 nemini:
450 2060 603 2138 postremd,
618 2063 752 2120 hesterno
765 2063 812 2120 die
835 2063 953 2139 praemia
975 2062 1079 2138 legatis
1103 2058 1233 2119 Allobro-

246 2161 325 2220 gum,
349 2140 474 2218 Titoque
499 2141 660 2214 Vulturci0,
685 2142 805 2199 dedistis
832 2140 1014 2218 amplissima
1067 2139 1146 2201 Quae
1166 2150 1233 2197 sunt

245 2223 341 2281 omnia
355 2223 504 2298 ejusmodi,
519 2232 550 2279 ut
565 2221 595 2293 ii,
609 2221 657 2298 qui
673 2222 703 2281 in
718 2222 877 2279 custodiam
891 2219 1061 2278 nominatim
1080 2219 1141 2277 dati
1155 2232 1232 2291 sunt,

245 2302 307 2358 aine
322 2301 380 2357 ullti
394 2302 571 2359 dubitatione
587 2321 603 2358 a
617 2301 696 2358 vobis
710 2301 837 2357 damnati
852 2319 914 2356 esse
928 2299 1086 2358 videantur.

195 2385 230 2437 25
286 2380 344 2436 Sed
359 2399 412 2456 ego
427 2379 535 2436 institui
549 2381 655 2437 referre
671 2381 706 2436 ad
721 2399 779 2449 vos,
794 2378 894 2436 Patres
908 2378 1079 2453 Conscripti‚
1094 2388 1231 2451 tanquam

246 2458 398 2532 integrum,
413 2458 492 2514 etde
507 2457 592 2528 facto,
607 2459 675 2532 quid
696 2457 842 2533 judicetis
857 2467 886 2514 et
908 2457 945 2513 de
968 2457 1063 2533 poenti,
1078 2456 1146 2531 quid
1166 2476 1232 2514 cen·

245 2535 339 2592 seatis.
381 2534 437 2592 llla
449 2535 613 2612 medicam,
628 2556 691 2611 quae
705 2547 772 2594 sunt
785 2536 919 2594 consulis.
1038 2549 1041 2561 ·

285 2611 348 2688 Ego
361 2631 497 2690 magnum
512 2613 541 2670 in
557 2613 704 2690 republica
728 2615 834 2673 versari
859 2615 993 2685 furorem,
1018 2625 1047 2672 et
1070 2634 1143 2672 nova
1155 2633 1231 2690 quaa-

245 2690 310 2747 dam
327 2691 439 2749 misceri
455 2704 484 2749 et
498 2693 635 2750 concitari
647 2694 733 2764 mala,
745 2694 915 2770 jampridem
926 2693 1075 2750 videbam:
1090 2695 1139 2750 sed
1155 2695 1231 2750 hanc

195 2773 230 2826 30
245 2779 363 2840 tantam,
379 2781 436 2828 tarn
451 2772 599 2829 exitiosam
614 2773 713 2830 haberi
734 2773 959 2848 conjurationem
984 2791 1001 2830 a
1024 2773 1144 2842 civibus,
1158 2791 1231 2829 nun·

244 2867 328 2923 quarn
343 2851 447 2924 putavi.
489 2849 587 2922 Nunc,
603 2853 742 2926 quidquid
766 2863 818 2922 est,
833 2849 1005 2926 qudcunque
1029 2862 1128 2908 vestrae
1152 2870 1231 2908 men·

245 2937 287 2984 tes
303 2928 442 2987 inclinant
457 2940 540 3005 atque
555 2931 714 3001 sententiae,
728 2932 912 2988 statuendum
933 2930 1012 2988 vobis
1036 2940 1101 2987 ante
1115 2941 1229 2987 noctem

244 3018 295 3065 est.
336 3009 488 3070 Quantum
504 3010 616 3067 facinus
631 3011 666 3066 ad
682 3029 730 3067 vos
744 3010 870 3066 delatum
891 3009 937 3079 sit,
951 3009 1062 3066 videtis,
1105 3009 1184 3065 Huic
1204 3009 1229 3067 si

243 3106 350 3161 paucos
363 3089 468 3163 putatis
490 3089 588 3146 affines
609 3109 681 3159 esse,
696 3090 879 3147 vehementer
899 3088 1008 3145 erratis.
1050 3086 1152 3144 Latiris
1171 3087 1230 3162 opi·

194 3171 229 3224 35
245 3166 329 3224 nione
344 3167 560 3224 disseminatum
575 3180 617 3224 est
632 3169 686 3226 hoc
701 3168 824 3224 malum:
846 3168 981 3236 manavit,
995 3186 1053 3224 non
1074 3164 1165 3223 schim
1178 3185 1229 3242 per

244 3244 368 3314 Italiam,
383 3244 481 3303 verbm
497 3247 583 3302 etiarn
598 3247 776 3303 transcendit
789 3247 894 3322 Alpes;
916 3256 954 3316 et,
969 3244 1090 3302 obscure
1102 3265 1228 3320 serpens,

243 3324 347 3380 multas
358 3323 416 3397 jam
431 3324 591 3399 provincias
605 3323 763 3399 occupavit
805 3325 840 3382 ld
854 3325 973 3400 opprimi
994 3325 1179 3382 sustentando
1194 3343 1229 3380 ac

242 3402 409 3477 prolatando
436 3401 515 3459 nullo
537 3413 621 3477 pacto
643 3413 743 3478 potest.
784 3403 971 3479 Qutounque
994 3405 1104 3461 ratione
1123 3403 1219 3479 placet

244 3481 375 3538 celeriter
391 3481 469 3538 vobis
483 3481 687 3538 vindicandum
703 3492 754 3539 est.

195 3562 229 3614 40
285 3559 336 3618 [V.
378 3560 472 3618 Video
486 3559 558 3628 duas
573 3560 667 3617 adhuc
678 3580 741 3619 esse
765 3561 939 3632 sententias3
961 3579 1048 3619 unam
1072 3560 1109 3617 D.
1125 3558 1228 3631 Silani,

243 3639 292 3712 qui
307 3650 415 3710 censet,
430 3659 487 3710 eos,
502 3639 549 3714 qui
565 3641 628 3697 haec
642 3639 738 3698 delere
759 3641 854 3697 conati
874 3652 950 3711 sunt,
965 3650 1055 3699 morte
1075 3659 1138 3697 esse
1158 3638 1230 3694 mul·

172 3714 178 3726 '
244 3718 363 3775 tandos:
386 3719 504 3775 alteram
520 3719 554 3775 C.
569 3718 703 3789 Caesaris,
717 3720 765 3795 qui
780 3719 878 3777 mortis
891 3739 1004 3794 poenam
1025 3728 1160 3788 removet,
1175 3736 1230 3774 cac-

244 3804 367 3851 terorum
382 3797 584 3872 suppliciorum
603 3816 704 3854 omnes
725 3798 897 3856 acerbitates
918 3798 1106 3874 amplectitur.
1147 3796 1229 3854 Uter·

243 3892 309 3948 que,
337 3883 366 3930 et
391 3893 441 3950 pro
467 3875 520 3931 sua
546 3875 687 3951 dignitate
714 3886 744 3934 et
768 3895 819 3952 pro
846 3895 941 3933 rerum
968 3876 1177 3953 magnitudine,
1199 3875 1228 3933 in
