2775 4425
179 358 220 417 20
454 362 590 433 onemo
612 362 648 412 11.
671 362 710 413 IN
733 363 763 413 L.
786 362 1000 414 CATILINAM.

228 506 389 585 perniciem
403 504 528 565 civitatis
541 524 667 565 munere.
709 506 834 565 Proinde
848 517 898 565 aut
919 516 1033 577 exeant,
1048 522 1098 565 aut
1119 506 1209 584 quies·

230 596 315 657 cent3
338 598 397 657 aut,
412 585 436 644 si
451 595 479 643 et
493 585 523 643 in
537 585 616 644 Urbe
629 596 659 643 et
673 586 703 643 in
723 586 827 644 eddem
847 594 944 644 mente
963 597 1143 663 permanent,
1164 606 1211 659 eu,

229 685 293 741 quae
308 676 464 736 merentur,
479 674 653 739 exspectent

270 744 323 802 Vl.
345 745 387 801 Ar
401 744 488 801 etiam
503 754 579 814 sunt,
593 743 736 815 Quirites,
751 744 801 820 qui
814 744 923 815 dicant,
939 761 956 800 u
970 762 1017 800 me
1031 743 1062 801 in
1076 743 1209 801 exsilium

197 836 216 888 5
230 822 355 898 ejectum
370 842 432 881 esse
447 822 612 880 Catilinam.
653 822 743 884 Quod
757 842 812 900 ego
825 823 850 881 si
863 824 951 881 verbo
961 822 1074 897 assequi
1087 842 1209 898 possem,

230 901 299 960 istos
313 902 387 979 ipsos
395 902 540 978 ejicerem,
550 902 598 976 qui
610 902 673 959 haec
686 902 848 977 loquuntur.
883 901 980 958 Homo
989 901 1125 958 uidelicet
1135 901 1210 959 timi·

230 980 284 1038 dus
298 992 327 1039 et
339 981 535 1057 permodestus
550 999 649 1037 vocem
671 980 798 1038 consulis
819 981 893 1038 ferre
916 1000 974 1037 non
994 980 1102 1057 potuit:
1124 980 1208 1038 simul

231 1069 316 1134 atque
331 1061 372 1117 ire
387 1060 416 1117 in
431 1059 562 1117 exsilium
574 1059 670 1135 jussus
684 1069 737 1131 est,
751 1060 864 1135 paruit;
886 1059 945 1116 ivit.

270 1139 415 1196 Hesterno
425 1138 482 1209 die,
493 1136 562 1195 edm
573 1138 649 1195 domi
660 1157 732 1195 meae
742 1137 816 1214 pene
828 1137 997 1196 interfectus
1010 1156 1113 1209 essem,
1127 1156 1209 1195 sena·

182 1226 216 1280 10
229 1227 290 1273 turn
303 1218 333 1275 in
343 1218 434 1275 sedem
446 1216 525 1275 Jovis
537 1217 658 1274 Statoris
668 1218 783 1275 vocavi:
798 1237 859 1275 rem
867 1235 981 1275 omnem
993 1216 1029 1273 ad
1039 1227 1134 1292 patres
1142 1235 1210 1274 cou-

230 1296 350 1373 scriptos
358 1295 456 1354 detuli.
497 1294 569 1356 Qud
579 1293 646 1353 erim
656 1296 784 1354 Catilina
795 1297 929 1367 venisset,
940 1296 1004 1370 quis
1014 1314 1081 1351 eum
1095 1305 1208 1353 senator

231 1374 1208 1451 appellavit?quissalutavithuisdeniqueitaadspexit‚utperditum

231 1454 333 1526 civem,
344 1474 378 1513 ac
387 1475 444 1513 non
454 1452 548 1531 potius
562 1464 594 1512 ut
608 1455 882 1531 importunissimum
893 1454 1002 1511 hostem
1013 1454 1025 1509 l
1064 1453 1147 1514 Quin
1158 1466 1208 1509 etr·
1247 1466 1251 1471 ’

232 1552 277 1590 um
288 1535 432 1611 principes
442 1534 504 1611 ejus
514 1534 622 1591 ordinis
632 1545 743 1610 partem
758 1535 836 1591 illam
850 1532 1060 1601 subselliorum,
1072 1531 1108 1588 ad
1122 1550 1208 1607 quam

181 1622 215 1677 15
231 1612 278 1670 ille
291 1625 462 1684 accesserat,
474 1613 581 1669 nudam
591 1624 675 1688 atque
685 1614 801 1670 inanem
812 1612 996 1687 reliquerunt.
1019 1610 1079 1667 Hic
1088 1630 1152 1687 ego,
1163 1630 1209 1666 ve·

230 1691 350 1749 hemens
364 1692 412 1749 ille
426 1692 536 1761 consul,
548 1691 596 1766 qui
609 1691 694 1748 verbo
709 1692 787 1748 cives
801 1691 831 1748 in
845 1690 977 1747 exsilium
988 1690 1082 1766 ejicio,
1092 1689 1209 1764 quaesivi

231 1770 399 1840 aCetilinb,
415 1788 451 1826 an
466 1780 607 1826 nocturno
630 1780 773 1826 conventu
798 1770 873 1845 apud
897 1768 939 1825 M.
955 1768 1072 1826 Laecam
1097 1769 1208 1840 luisset,

229 1866 331 1904 necne.
373 1845 450 1903 Cum
466 1847 523 1918 ille,
533 1848 617 1903 homo
628 1848 847 1918 audacissimus,
858 1847 1037 1905 conscientiis
1051 1848 1209 1918 convictus,

229 1924 321 2001 primd
345 1925 518 1995 reticuisset,
540 1926 664 2001 patefeci
686 1937 800 1984 caetera.
840 1925 922 1987 Quid
938 1927 974 1983 ed
994 1937 1079 1984 nocte
1094 1927 1208 2003 egisset,

179 2016 215 2070 20
233 2002 296 2081 [ubi
312 2004 434 2085 suisset]
450 2005 519 2080 quid
533 2005 562 2061 in
577 2005 734 2080 proximam
749 2006 953 2076 constituisset,
968 2006 1209 2080 quemadmodum

230 2093 305 2141 esset
318 2083 346 2141 ei
361 2085 433 2142 ratio
446 2084 532 2142 totius
547 2084 615 2141 belli
630 2085 783 2161 descripta,
798 2085 910 2142 edocui.
952 2083 1030 2142 Cirm
1052 2084 1208 2154 hesitaret,

230 2160 298 2221 clim
311 2174 467 2236 teneretur,
482 2163 609 2240 quesivi,
620 2164 689 2240 quid
701 2165 845 2223 dubitaret
859 2164 894 2222 ed
908 2163 1061 2241 proficisci,
1072 2161 1130 2240 qud
1138 2163 1210 2240 jam·

230 2244 340 2320 pridem
354 2245 485 2340 parerem
507 2243 763 2316 cdmarma,ci1m
787 2264 914 2314 secures,
929 2242 997 2301 clun
1017 2243 1119 2315 fasces,
1141 2241 1209 2299 clim

229 2324 324 2394 tubas,
334 2343 401 2381 cum
411 2325 493 2401 signa
503 2324 647 2395 militaria,
659 2322 727 2382 cum
743 2324 867 2400 aquilam
882 2323 960 2380 illam
970 2333 1145 2399 argenteam,
1161 2321 1209 2379 eui

179 2416 215 2468 25
231 2401 279 2458 ille
293 2403 379 2459 etiem
395 2404 553 2461 sacrarium
567 2403 710 2461 scelerum
724 2404 800 2461 domi
815 2422 874 2460 suae
889 2403 1006 2472 lecerat,
1022 2401 1125 2458 scirem
1146 2419 1210 2458 esse

229 2481 413 2555 premissam.
454 2481 489 2538 In
501 2481 631 2538 exsilium
641 2482 805 2557 ejiciebam,
816 2501 900 2558 quem
909 2481 968 2556 jam
978 2481 1138 2557 ingressum
1147 2499 1209 2537 esse

231 2558 261 2614 in
277 2558 383 2628 bellum
398 2560 552 2617 ridebaml
594 2558 711 2616 Etenim
728 2560 841 2637 (credo)
859 2560 987 2618 Manlius
1001 2560 1054 2617 iste
1069 2559 1209 2629 centurio,

230 2636 280 2712 qui
291 2636 321 2692 in
333 2655 401 2713 agro
410 2637 554 2696 Fesulano
564 2647 658 2696 castra
669 2640 772 2715 posuit,
784 2640 890 2697 bellum
899 2639 1003 2716 populo
1013 2638 1147 2696 Romano
1157 2655 1210 2695 suo

182 2726 184 2731 “
231 2715 347 2772 nomine
358 2716 476 2774 indixit:
498 2727 527 2774 et
541 2717 590 2774 illa
604 2728 700 2775 castra
713 2739 792 2777 nunc
805 2739 863 2777 non
877 2717 1034 2776 Catilinam
1048 2717 1153 2774 ducem
1164 2736 1210 2773 ex-

179 2806 215 2860 30
231 2805 378 2870 spectant:
399 2806 428 2854 et
442 2795 499 2868 ille,
515 2797 625 2873 ejectus
639 2797 669 2854 in
683 2798 826 2870 exsilium,
841 2818 872 2855 se
887 2796 1062 2866 Massiliam,
1073 2805 1105 2852 ut
1119 2795 1209 2866 aiunt,

230 2894 288 2932 non
304 2874 332 2931 in
347 2875 410 2932 haec
424 2890 528 2948 castra,
544 2876 680 2934 conferet.

242 2993 244 2998 -
270 2953 340 3012 VII.
371 2954 607 3014 Oconditionem
632 2957 777 3028 miseram,
790 2975 848 3014 non
862 2953 947 3012 modd
967 2953 1209 3023 administrandae,

231 3031 432 3093 verumetiam
443 3036 656 3107 conservande,
666 3036 849 3112 reipublice!
872 3033 971 3103 Nunc,
982 3034 1007 3090 si
1022 3032 1055 3089 L.
1070 3032 1209 3102 Catilina,

231 3114 672 3191 consiliis,laboribus,periculis
681 3116 763 3186 meis,
773 3113 983 3173 circumclusus
992 3111 1209 3180 acdebilitatus,

180 3203 215 3256 35
231 3191 326 3249 subitd
334 3194 522 3268 pertimuerit,
534 3194 707 3251 sententiam
717 3194 878 3263 mutaverit,
890 3191 1049 3248 deseruerit
1059 3209 1134 3260 suos,
1144 3208 1211 3246 con·

231 3271 326 3327 silium
341 3270 409 3328 belli
425 3271 550 3329 faciendi
566 3272 713 3346 abjecerit,
728 3292 764 3329 ex
781 3274 835 3329 hoc
850 3290 936 3328 cursu
957 3270 1075 3327 sceleris
1088 3279 1117 3325 et
1131 3267 1209 3338 belli,

231 3349 284 3406 iter
300 3350 335 3406 ad
351 3349 447 3425 fugam
463 3360 547 3424 atque
562 3350 590 3406 in
606 3350 738 3406 exsilium
762 3350 950 3418 converterit3
972 3369 1029 3406 non
1053 3349 1101 3405 ille
1124 3366 1140 3403 a
1164 3365 1210 3402 me

230 3429 366 3504 spoliatus
381 3427 467 3484 armis
479 3428 618 3498 audaciae,
628 3448 685 3484 non
699 3428 913 3504 obstupefactus
923 3447 957 3485 ac
965 3427 1132 3504 perterritus
1145 3424 1210 3481 med

231 3506 391 3583 diligentia,
406 3525 463 3564 non
478 3506 514 3563 de
528 3525 578 3582 spe
599 3517 760 3582 conatuque
783 3508 927 3582 depulsus,
942 3508 992 3564 sed
1017 3507 1210 3572 indemnatus,

182 3593 215 3649 4ο
231 3587 379 3657 innocens,
391 3586 420 3644 in
437 3586 569 3643 exsilium
583 3585 692 3661 ejectus
708 3604 725 3642 a
738 3587 866 3658 consule,
876 3587 903 3643 vi
913 3596 942 3643 et
956 3586 1042 3643 minis
1056 3603 1119 3642 esse
1133 3584 1211 3640 dice·

231 3675 295 3720 tur:
317 3676 346 3721 et
366 3675 459 3736 erunt,
474 3665 523 3741 qui
544 3664 635 3736 illum,
650 3664 674 3721 si
696 3665 751 3723 hoo
772 3665 882 3738 fecerit,
896 3685 954 3723 non
974 3665 1145 3740 improbum,
1160 3661 1211 3718 sed

231 3742 385 3811 miserum3
406 3763 463 3815 me,
473 3765 531 3802 non
545 3744 798 3821 diligentissimum
813 3745 970 3814 consulem,
982 3744 1033 3800 sed
1048 3741 1211 3800 crudelissi-

140 3833 146 3846 ·
231 3837 309 3875 mum
324 3829 487 3894 tyrannum,
502 3823 659 3881 existimari
673 3823 770 3882 velint
811 3823 865 3882 Est
885 3823 956 3880 mihi
970 3822 1053 3893 tanti,
1066 3820 1211 3890 Quirites,

231 3896 316 3975 hujus
330 3898 445 3958 invidiae
460 3901 537 3959 falsae
552 3913 637 3978 atque
658 3903 764 3979 inique
784 3913 983 3982 tempestatem
1003 3901 1110 3973 subire,
1131 3900 1213 3957 dum-
