2775 4425
205 366 246 426 38
465 362 602 412 ORATIO
625 361 670 412 lv.
694 362 730 411 IN
755 362 785 411 L.
809 361 1022 412 CATILINAM.

258 506 305 565 die
325 505 458 563 maximis
476 505 601 583 praemiis
622 505 725 563 affecit.
766 504 834 563 Jam
854 506 910 564 hoc
930 504 1040 564 nemini
1058 506 1177 562 dubium
1192 520 1251 579 est,

258 586 306 660 qui
328 604 377 642 reo
393 586 563 657 custodiam,
578 585 721 659 quaesitori
742 585 973 662 gratulationem,
988 586 1077 642 indici
1097 586 1252 660 praemium

258 665 395 735 decrerit,
416 664 484 739 quid
512 665 548 721 de
575 664 634 721 tots
658 682 689 721 re
710 675 739 721 et
759 665 848 721 causti
872 664 1019 740 judicarit.
1060 665 1102 721 At
1121 664 1189 721 vero
1212 665 1251 721 O.

258 744 357 801 Caesar
372 742 515 819 intelligit,
530 743 624 819 legem
639 742 838 817 Semproniam
853 762 915 799 esse
929 743 966 800 de
980 743 1091 801 civibus
1105 743 1253 800 Romanis

223 820 241 872 5
259 822 461 891 constitutam
483 821 531 896 qui
547 832 642 879 autem
656 821 821 895 reipublicae
836 822 873 877 sit
887 821 985 891 hostis,
995 840 1062 879 eum
1077 821 1169 879 civem
1183 841 1253 879 esse

258 901 337 957 nullo
357 901 441 958 modo
459 920 558 976 posse;
579 899 704 974 denique
725 898 817 975 ipsum
837 900 957 957 latorem
970 900 1043 976 legis
1061 901 1252 975 Semproniae,

260 979 369 1055 injussu
389 979 495 1055 populi,
514 997 614 1055 poenas
637 977 802 1053 reipublice
830 978 1009 1053 dependisse.
1051 978 1161 1035 Idem
1154 998 1252 1068 ipsum

263 1058 426 1127 Lentulum,
441 1057 604 1134 largitorem
625 1066 654 1114 et
671 1056 832 1145 prodigum,
847 1077 904 1113 non
917 1067 1008 1132 putat,
1023 1056 1091 1113 crim
1105 1057 1141 1114 de
1154 1057 1253 1132 perni-

260 1136 305 1193 cie
318 1137 413 1213 populi
434 1136 572 1206 Romam,
587 1145 616 1192 et
634 1135 722 1192 exitio
735 1134 820 1210 hujus
834 1136 923 1205 urbis,
937 1146 997 1191 tam
1011 1133 1116 1192 acerbe
1130 1145 1252 1210 tamque

208 1217 242 1269 1⁰
260 1216 415 1273 crudeliter
429 1214 572 1290 cogitarit,
588 1213 724 1289 appellari
736 1232 819 1289 posse
832 1213 1005 1289 popularem.
1046 1214 1149 1287 Itaque
1163 1215 1254 1272 homo

260 1293 428 1350 mitissimus
442 1304 527 1367 atque
541 1292 706 1349 lenissimus
718 1311 775 1349 non
790 1292 903 1348 dubitat
917 1292 948 1348 P.
963 1292 1119 1349 Lentulum
1134 1292 1253 1349 eternis

260 1372 387 1430 tenebris
400 1372 579 1445 vinculisque
593 1371 748 1427 mandare:
769 1379 798 1427 et
811 1370 906 1427 sancit
920 1370 948 1427 in
963 1382 1116 1445 posterum,
1125 1372 1252 1445 nequis,

261 1450 346 1527 hujus
367 1451 505 1528 supplicio
525 1450 708 1520 levando,se
676 1448 852 1524 sejactare‚
873 1459 903 1506 et
923 1449 953 1507 in
976 1448 1130 1537 [pernicie]
1152 1451 1253 1525 populi

260 1531 388 1589 Romani
402 1531 520 1607 posthac
533 1528 676 1605 popularis
689 1547 752 1585 esse
755 1527 866 1617 ,possit
901 1528 1044 1605 Adjungit
1057 1528 1145 1585 etiam
1158 1529 1254 1617 publi-

210 1615 243 1668 15
261 1610 403 1668 tationem
414 1610 561 1679 bonorum,
571 1618 603 1664 ut
616 1626 717 1665 omnes
727 1606 816 1663 animi
824 1606 971 1664 cruciatus
984 1617 1014 1664 et
1027 1607 1151 1683 corporis
1160 1608 1253 1664 etiam

236 1699 374 1765 egestas
389 1707 423 1744 ac
437 1654 609 1745 mendicitas
623 1695 823 1759 consequatur.

301 1765 353 1823 Vl.
384 1765 593 1851 Quamobrem,
603 1764 662 1821 sive
676 1765 732 1820 hcc
745 1764 911 1836 statueritis,
926 1751 1062 1822 dederitis
1075 1764 1147 1821 mihi
1161 1765 1253 1821 corni-

260 1854 319 1900 tem
340 1842 376 1899 ad
397 1841 565 1899 concionem
569 1841 693 1929 ,populo
713 1860 813 1897 carum
835 1854 920 1918 atque
931 1844 1109 1919 jucundum:
1130 1843 1190 1900 sive
1204 1844 1254 1900 Si-

260 1920 319 1977 lani
333 1919 505 1977 sententiam
519 1938 600 1993 sequi
592 1918 782 1991 malueritis,
794 1919 879 1979 facile
895 1941 941 1979 me
956 1933 1041 1996 atque
1054 1942 1103 1979 vos
1118 1940 1135 1979 a
1148 1923 1254 1979 crude·

207 2010 243 2063 20
260 1998 349 2056 litatis
368 1998 574 2075 vituperatione
595 1998 772 2068 defendetis;
802 2011 887 2074 atque
906 2001 1051 2071 obtineb0‚
1072 2020 1137 2057 eam
1157 2000 1253 2059 multd

259 2078 395 2136 leviorem
416 2078 512 2135 fuisse.
553 2077 742 2153 Quanquam,
759 2043 860 2137 Patres
880 2079 1053 2155 conscripti
1075 2099 1138 2153 quae
1157 2090 1253 2155 potest

261 2177 324 2218 esse
338 2157 454 2217 intanti
473 2157 590 2217 sceleris
611 2156 789 2216 immanitate
808 2157 955 2235 punienda
975 2158 1151 2217 crudelitasl
1185 2158 1254 2236 Ego

260 2240 339 2297 enim
359 2239 395 2296 de
415 2257 481 2296 meo
500 2257 586 2296 sensu
604 2238 712 2313 judico.
752 2237 841 2308 Nam,
856 2237 897 2294 ita
910 2238 982 2295 milii
1001 2238 1080 2294 salva
1100 2237 1253 2314 republica

260 2319 408 2377 vobiscum
418 2317 525 2406 perfrqi
538 2317 635 2388 liceat,
645 2326 678 2373 ut
691 2336 754 2393 ego,
764 2283 857 2392 qudd'
850 2336 880 2373 m
891 2317 948 2374 hac
956 2335 1045 2374 causa
1029 2316 1253 2375 vehementior

207 2403 243 2456 25
260 2415 334 2467 sum,
349 2416 406 2454 non
421 2395 570 2452 atrocitate
585 2395 673 2451 animi
687 2414 800 2453 moveor
803 2393 899 2472 ,(quis
909 2395 987 2452 enim
1000 2405 1044 2452 est
1057 2415 1104 2453 me
1119 2395 1251 2484 mitiorl)

261 2475 312 2530 sed
332 2473 471 2548 singulari
492 2473 616 2546 quddam
643 2474 822 2531 humanitate
843 2485 872 2532 et
891 2474 1098 2532 misericordia.
1139 2474 1252 2533 Videor

260 2551 339 2608 enim
359 2550 430 2607 mihi
450 2552 527 2607 hanc
547 2551 647 2607 urbem
668 2551 776 2623 videre,
790 2552 886 2610 lucem
906 2553 984 2610 orbis
1003 2562 1144 2610 terrarum
1163 2563 1252 2628 atque

261 2647 358 2686 arcem
377 2629 506 2687 omnium
526 2628 667 2719 gentium,
681 2598 776 2688 subitd
797 2650 856 2688 uno
875 2631 1011 2690 incendio
1028 2632 1249 2690 concidentem.

261 2725 349 2764 cerno
377 2707 482 2797 anino,
507 2707 653 2784 sepulta
646 2727 676 2765 ιιι
703 2709 807 2785 patria,
833 2710 952 2768 miseros
981 2721 1065 2785 atque
1094 2711 1251 2786 insepultos

207 2791 243 2846 30
262 2803 378 2844 acervos
399 2785 522 2844 civium:
543 2798 672 2845 versatur
686 2788 757 2845 mihi
773 2797 839 2845 ante
851 2789 950 2847 oculos
965 2800 1097 2885 aspectus
1115 2789 1248 2880 Cethegi,

260 2874 290 2923 et
304 2865 409 2937 furor,
402 2885 432 2923 ιιι
445 2866 539 2924 vestra
550 2867 629 2924 caede
643 2866 822 2924 bacchantis.
861 2866 937 2924 Cirm
951 2866 1019 2925 reid
1034 2868 1105 2924 mihi
1117 2869 1248 2944 proposui

260 2954 429 3022 regnantem
450 2945 605 3003 Lentulum
621 2944 739 3023 (sicut
732 2964 792 3021 ipse
811 2965 843 3003 se
863 2965 899 3004 ex
917 2946 983 3004 fatis
996 2965 1125 3022 sperasse
1140 2947 1250 3004 conses-

260 3043 309 3081 sus
319 3026 404 3114 Uest),
424 3034 609 3101 purpuratum
639 3045 702 3082 esse
730 3025 809 3081 hunc
835 3025 1004 3096 Gabinium,
1025 3044 1093 3082 cum
1120 3026 1249 3083 exercitu

261 3103 374 3161 venisse
395 3103 568 3174 Catilinam
590 3113 651 3160 tum
665 3104 901 3160 lamentationem
915 3103 1173 3174 matrumfamilias,
1187 3115 1249 3161 tum

207 3185 243 3240 35
262 3182 360 3260 fugam
380 3182 524 3258 virginum
552 3193 638 3256 atque
664 3201 827 3272 puerorum,
850 3201 884 3239 ac
905 3183 1085 3240 vexationem
1106 3183 1249 3272 virginum

261 3260 433 3330 Vestalium,
453 3259 655 3336 perhorresco:
684 3271 722 3331 et,
744 3262 812 3334 quia
832 3260 903 3318 mihi
924 3263 1107 3319 vehementer
1128 3263 1190 3319 haec
1210 3261 1250 3316 vi-

261 3340 365 3397 dentur
378 3337 484 3394 misera
498 3349 583 3411 atque
597 3338 770 3409 miseranda,
780 3340 932 3398 idcircum
940 3360 999 3411 eos,
1009 3341 1058 3415 qui
1069 3359 1103 3398 ea
1110 3340 1250 3416 perficere

261 3419 421 3487 voluerunt,
430 3434 477 3472 me
486 3434 616 3472 severum
626 3417 1011 3505 vehementemquepraebeo
1046 3419 1164 3476 Etenim
1175 3437 1250 3492 quae-

262 3517 302 3569 ιο,
318 3495 419 3594 siquis
432 3493 646 3572 paterfamilias,
661 3493 760 3552 liberis
777 3497 836 3554 suis
851 3517 868 3554 a
881 3517 962 3555 servo
980 3497 1148 3567 intersectis,
1163 3515 1250 3554 uxore

209 3581 244 3633 40
260 3575 368 3647 occisa,
384 3574 503 3634 incensa
524 3573 608 3630 domo
610 3573 802 3670 ‚supplicium
824 3577 861 3634 de
881 3576 970 3633 servis
990 3595 1047 3632 non
1064 3576 1151 3650 quiam
1172 3593 1251 3632 acer·

261 3622 411 3711 bissimirm
432 3652 599 3728 sumpserit;
621 3651 718 3709 utrdm
733 3653 757 3709 is
771 3654 899 3712 clemens
914 3673 948 3711 ac
962 3653 1134 3725 misericors,
1151 3672 1187 3710 an
1210 3653 1251 3710 in-

264 3732 485 3788 humanissimus
498 3742 527 3789 et
541 3729 767 3801 crudelissimus,
782 3751 845 3789 esse
859 3733 1011 3789 videaturl
1032 3733 1103 3788 mihi
1117 3731 1185 3789 verd
1201 3732 1251 3787 im·

261 3816 400 3884 portunus
410 3828 444 3866 ac
456 3810 574 3880 ferreus,
586 3810 635 3884 qui
646 3829 714 3880 non,
724 3777 819 3867 dolore
832 3830 866 3867 ac
878 3811 1009 3867 cruciatu
1021 3823 1161 3881 nocentis,
1167 3829 1250 3867 suum

263 3885 388 3941 dolorem
409 3885 627 3960 cruciatumque
647 3887 769 3944 lenierit.
812 3888 864 3945 Sic
883 3908 945 3959 nos,
960 3889 990 3945 in
1012 3889 1057 3946 his
1076 3889 1250 3961 hominibus,
