2775 4425
179 371 235 431 116
427 372 563 422 ORATIO
585 371 654 420 PRO
677 371 709 420 T.
733 369 847 419 ANNIO
869 368 1020 418 MILONE.

226 515 375 574 dominum
396 516 433 573 de
455 534 538 573 servo
559 515 648 589 quari
672 515 841 583 noluerunt;
870 531 928 570 uon
951 511 1020 588 quia
1042 530 1100 569 non
1122 518 1215 586 posset

225 613 324 652 rerum
339 595 471 666 inveniri,
486 594 538 650 sed
552 595 620 668 quia
633 593 783 651 videbatur
798 592 949 668 indignum
963 609 1036 661 esse,
1050 600 1080 646 et
1092 589 1217 646 dominis

225 683 316 730 morte
344 673 405 749 ipsa
430 673 549 730 tristius.
592 671 628 730 In
655 691 737 730 reum
763 672 800 728 de
827 670 916 728 servis
944 668 1121 727 accusatoris
1146 665 1217 724 crim

225 752 372 826 quaeritur,
386 771 485 809 verum
501 751 623 808 inveniri
637 751 749 827 potestl

193 847 211 902 5
266 831 332 906 Age
346 829 424 902 verb,
439 849 502 906 quae
516 841 588 901 erat,
604 839 652 886 aut
666 829 759 904 qualis
772 827 910 903 quaestiol
944 827 1028 884 Heus
1041 835 1082 897 tu,
1094 825 1217 895 Ruscio,

228 908 321 986 (verbi
349 910 452 988 causa)
480 927 552 966 cave
585 908 624 965 sis
651 907 809 966 mentiaris.
850 905 972 964 Clodius
1001 905 1121 963 insidias
1147 904 1220 960 lecit

227 987 353 1045 Milonil
394 987 486 1046 Fecit.
528 987 618 1044 Certa
632 1006 712 1044 crux.
753 985 858 1044 Nullas
872 985 949 1042 lecit.
991 985 1113 1061 Sperata
1133 983 1220 1040 liber·

226 1076 279 1124 tas.
319 1066 403 1128 Quid
425 1067 481 1123 hac
503 1065 660 1142 quaestione
682 1065 811 1122 certiusl
846 1062 950 1120 Subitb
966 1063 1070 1139 arrepti
1085 1063 1114 1120 in
1128 1081 1219 1137 quaes·

227 1145 344 1216 tionem,
359 1154 456 1202 tamen
470 1155 637 1220 separantur
652 1163 670 1201 a
683 1144 806 1214 caeteris,
821 1154 850 1200 et
863 1143 894 1200 in
913 1161 997 1200 arcas
1013 1141 1218 1217 conjiciuntur,

181 1237 264 1290 lone
291 1224 355 1299 quis
382 1242 448 1280 cum
476 1223 511 1280 iis
538 1223 662 1298 colloqui
688 1223 785 1299 possit„
826 1221 869 1279 Hi
895 1232 1014 1278 centum
1040 1221 1103 1277 dies
1117 1238 1220 1295 penes

229 1313 426 1360 accusatorem
450 1300 518 1360 clim
540 1302 671 1373 fuissent,
695 1301 732 1358 ab
755 1321 790 1358 eo
813 1301 875 1377 ipso
898 1310 1066 1356 accusatore
1086 1296 1221 1374 producti

228 1391 302 1439 sunt.
343 1380 427 1445 Quid
452 1383 508 1440 hac
531 1381 688 1457 quastione
711 1379 771 1437 dici
790 1387 883 1456 potest
906 1375 1066 1454 integriusl
1086 1376 1156 1452 quid
1179 1375 1221 1432 in-

229 1460 411 1536 corruptiusl

270 1538 390 1598 XXIII.
423 1536 516 1601 Quod
530 1537 554 1596 si
568 1538 698 1596 nondum
718 1535 788 1594 satis
802 1535 930 1607 cernitis,
947 1533 1030 1612 (clun
1044 1553 1091 1591 res
1104 1533 1166 1609 ipsa
1179 1541 1222 1590 tot

181 1625 215 1679 15
229 1630 288 1676 tam
310 1619 396 1676 claris
421 1618 597 1695 argumentis
619 1616 767 1694 signisque
790 1615 901 1695 luceat)
920 1613 992 1690 pura
1014 1624 1112 1670 mente
1135 1622 1222 1686 atque

230 1697 342 1773 integra
357 1696 507 1768 Milonem,
522 1697 601 1754 nullo
622 1696 732 1753 scelere
757 1695 908 1763 imbutum,
923 1693 1003 1750 nullo
1016 1703 1094 1749 metu
1112 1700 1223 1767 perter-

229 1777 326 1844 ritum,
348 1775 428 1831 nulla
456 1775 634 1832 conscientia
662 1774 868 1844 exanimatum,
896 1773 1023 1830 Romam
1050 1769 1221 1839 revertisse;

229 1852 421 1911 recordamini
438 1852 501 1929 (per
521 1851 599 1910 Deos
621 1852 798 1909 immortales
809 1853 831 1931 l)
851 1871 914 1927 quae
929 1851 1014 1908 fuerit
1028 1849 1161 1906 celeritas
1177 1867 1223 1905 re·

230 1931 307 1989 ditiis
317 1930 378 2005 ejus
389 1950 396 2000 ;
417 1929 465 2006 qui
478 1931 623 2007 ingressus
633 1931 662 1988 in
672 1930 775 2001 lorum,
786 1931 904 1988 ardente
915 1929 1013 1998 curid;
1034 1946 1098 2003 quae
1109 1926 1223 2003 magni·

179 2016 215 2068 20
230 2010 299 2068 tudo
321 2009 419 2080 animi,
433 2009 481 2084 qui
507 2007 610 2081 vultus,
633 2029 696 2085 quae
717 2010 817 2067 oratio.
859 2008 964 2083 Neque
983 2005 1051 2065 vero
1066 2027 1098 2064 se
1117 2006 1224 2082 populo

230 2087 331 2160 solum,
354 2088 514 2145 sedetiam
536 2087 659 2158 senatui,
685 2088 846 2158 commisit3
877 2106 971 2162 neque
991 2085 1104 2143 senatui
1123 2083 1222 2155 modo,

230 2169 280 2227 sed
304 2168 391 2227 etiam
415 2167 539 2245 publicis
565 2167 706 2244 presidiis
729 2176 759 2224 et
783 2167 886 2236 armis3
908 2185 1001 2242 neque
1023 2165 1068 2223 his
1095 2161 1222 2233 tantirm,

230 2247 330 2306 verbm
344 2248 431 2305 etiam
452 2246 514 2323 ejus
533 2247 676 2323 potestati,
692 2245 740 2303 cui
761 2256 878 2303 senatus
897 2255 986 2303 totam
1001 2243 1222 2320 rempublicam,

229 2346 344 2385 omnem
365 2326 456 2384 Italiae
476 2326 592 2404 pubem,
608 2335 714 2383 cuncta
734 2325 829 2401 populi
850 2324 978 2382 Romani
999 2342 1088 2393 arma,
1103 2321 1224 2379 commi·

181 2414 322 2465 asserat:
344 2406 392 2463 cui
414 2422 561 2480 nunquam
583 2425 613 2463 se
635 2404 683 2461 hic
704 2402 831 2480 prolectb
852 2403 1026 2473 tradidisset,
1047 2400 1103 2458 nisi
1124 2418 1222 2457 causae

230 2504 288 2541 suae
303 2483 475 2553 confideret3
496 2484 653 2558 prasertim
674 2483 772 2540 omnia
793 2482 931 2552 audienti,
946 2500 1053 2557 magna
1070 2479 1222 2549 metuenti,

231 2564 321 2618 multa
340 2561 509 2636 suspicanti,-
523 2563 664 2619 nonnulla
685 2562 823 2618 credenti.
865 2561 976 2637 Magna
989 2560 1032 2616 vis
1045 2569 1088 2615 est
1109 2558 1224 2615 consci-

231 2640 326 2709 entiae,
345 2639 468 2716 judiceS,
490 2650 519 2697 et
546 2658 652 2716 magna
680 2640 709 2697 in
737 2651 887 2715 utramque
913 2649 1040 2715 partem3
1067 2649 1099 2694 ut
1125 2655 1223 2709 neque

230 2718 360 2789 timeant,
375 2718 424 2793 qui
446 2718 516 2776 nihil
538 2719 753 2788 commiserint;
775 2729 804 2776 et
816 2738 930 2795 poenam
944 2736 1055 2793 semper
1070 2725 1136 2773 ante
1153 2734 1224 2771 ocu-

181 2806 216 2861 30
231 2798 272 2854 los
287 2798 393 2854 versari
406 2808 516 2873 putent,
531 2797 580 2873 qui
594 2797 752 2874 peccarim.

270 2874 375 2951 Neque
396 2874 463 2933 verb
484 2876 547 2934 sine
574 2876 684 2934 ratione
712 2875 792 2933 certa
816 2894 905 2934 causa
933 2874 1052 2932 Milonis
1071 2892 1183 2949 semper
1206 2892 1224 2931 a

219 2966 333 3034 ¹senatu
354 2956 472 3032 probata
492 2967 543 3014 est.
585 2956 734 3013 Videbant
756 2956 835 3013 enirn
862 2954 1064 3031 sapientissimi
1091 2952 1223 3010 homines

232 3034 300 3092 facti
322 3036 472 3107 rationem,
493 3034 674 3112 presentiam
699 3033 798 3105 animi,
818 3033 993 3091 defensionis
1020 3030 1221 3090 constantiam.

232 3115 280 3171 An
296 3112 362 3172 verb
383 3114 464 3173 obliti
485 3115 564 3184 estis,
576 3113 700 3189 judices,
714 3113 825 3170 recenti
847 3113 895 3170 illo
915 3112 1017 3169 nuntio
1030 3110 1111 3168 necis
1124 3109 1222 3168 Clodi·

182 3206 216 3259 35
233 3212 304 3263 anas,
319 3214 376 3251 non
398 3191 482 3250 modb
505 3191 687 3250 inimicorum
710 3190 828 3248 Milonis
848 3210 994 3248 sermones
1014 3200 1043 3247 et
1062 3188 1221 3265 opiniones,

231 3273 281 3329 sed
304 3271 505 3329 nonnullorum
528 3271 615 3327 etiam
640 3270 858 3345 imperitoruml
894 3268 1050 3345 Negabant
1072 3287 1139 3326 eum
1162 3268 1222 3324 Ro-

232 3370 307 3407 mam
323 3370 385 3407 esse
400 3349 566 3406 rediturum.
609 3349 677 3405 Sive
692 3347 770 3405 enim
785 3348 855 3405 illud
871 3348 967 3405 animo
981 3347 1053 3405 irato
1064 3366 1098 3403 ac
1113 3348 1222 3421 percito

232 3428 357 3499 fecisset,
369 3437 401 3484 ut
415 3428 551 3484 incensus
559 3426 626 3485 odio
636 3426 794 3483 trucidaret
808 3426 958 3484 inimicum
970 3446 977 3496 3
1000 3425 1221 3494 arbitrabantur,

231 3527 297 3565 eum
318 3506 391 3564 tanti
412 3516 532 3563 mortem
553 3505 585 3561 P.
601 3505 699 3562 Clodii
720 3506 892 3581 putassent
913 3524 995 3579 aequo
1014 3504 1110 3562 animo
1130 3505 1221 3580 patrib

183 3596 216 3649 4ο
232 3596 353 3654 careret,
363 3584 436 3643 'crim
457 3584 598 3659 sanguine
620 3583 730 3641 inimici
752 3584 894 3660 explesset
912 3584 1011 3641 odium
1031 3601 1134 3639 suum:
1162 3583 1222 3639 sire

232 3665 319 3721 etiam
335 3664 411 3721 illius
425 3672 515 3721 morte
529 3662 650 3738 patriam
661 3662 784 3719 liberare
799 3663 943 3733 voluisset,
953 3682 1011 3720 non
1025 3662 1221 3719 dubitaturum

233 3742 332 3799 fortem
348 3743 449 3813 virum,
465 3742 544 3815 quin,
560 3738 628 3810 crim
642 3761 694 3798 suo
714 3742 842 3815 periculo
863 3742 985 3798 salutem
1002 3740 1168 3816 reipublicoe
1182 3750 1222 3796 at·

231 3820 353 3889 tulisset,
369 3820 485 3877 cederet
506 3837 587 3892 aequo
608 3818 704 3876 animo
726 3818 884 3899 [legibus];
906 3839 1006 3877 secum
1027 3819 1152 3876 auferret
1165 3818 1223 3895 glo-

232 3896 302 3951 riam
326 3897 538 3971 sempiternam,
553 3898 636 3955 nobis
657 3897 720 3955 haec
741 3898 862 3955 fruenda
881 3899 1065 3974 relinqueret,
1079 3916 1142 3973 quar
1163 3898 1222 3975 ipse
