2775 4425
359 368 495 418 ORATIO
518 368 587 418 PRO
608 369 639 418 Τ.
663 369 777 420 ΑΝΝΙΟ
800 369 949 420 mitons.
1142 371 1195 432 l‘dl

156 513 253 601 populi
267 512 394 570 Romani
409 522 516 588 quanta
539 511 643 571 luerint
667 513 784 591 gaudia,
796 513 936 589 J'udicare.
979 511 1088 570 Multas
1107 523 1149 570 ta·

156 613 224 650 men
243 611 304 667 Jam
325 609 499 649 summorum
522 592 723 667 imperatorum
745 592 919 650 clarissimas
933 591 1066 650 victorias
1079 605 1149 650 oetas

158 682 256 730 nostra
290 670 370 740 vidit,
399 688 519 745 quarum
549 670 627 727 nulla
655 691 749 746 neque
777 682 836 729 tam
864 671 1030 729 diuturnam
1051 672 1145 728 attulit

158 751 298 818 laetitiam,
313 769 369 820 pec
383 759 502 806 tantam.

201 828 341 885 Mandate
355 828 410 886 hoc
424 827 712 904 memoriae,judices.
755 829 846 904 Spero
866 829 1017 886 multavos
1034 829 1149 886 liberos·
1179 835 1197 888 ⁵

160 927 216 982 que
231 918 338 964 vestros
352 907 381 964 in
403 907 549 982 republica
570 907 645 964 bona
665 926 729 965 esse
749 908 866 965 visuros.
908 908 943 965 ln
964 908 1009 964 his
1028 908 1150 984 singulis

161 987 202 1044 ita
222 1005 333 1061 semper
364 985 574 1056 existimabitis,
596 985 659 1042 vivo
681 985 713 1043 P.
734 986 847 1057 Clodio,
878 986 950 1044 nihil
978 1005 1079 1044 eorum
1100 1006 1149 1044 vos

161 1067 271 1122 visuros
294 1065 388 1121 luisse.
430 1064 465 1122 ln
479 1083 558 1140 spem
579 1064 744 1136 maximam,
758 1074 787 1122 et
808 1065 1062 1141 (quemadmodum
1083 1083 1150 1124 con·

160 1145 231 1220 fido)
262 1143 449 1215 verissimam,
472 1143 589 1200 adducti
610 1161 719 1215 sumus,
740 1145 818 1202 hunc
841 1145 933 1220 ipsum
954 1163 1072 1215 annum,
1094 1145 1149 1202 hoc

160 1223 223 1298 ipso
250 1240 362 1280 summo
395 1221 455 1280 viro
487 1222 614 1292 consule,
649 1224 811 1300 compressu
845 1224 992 1282 hominum
1020 1223 1148 1294 licentii,
1164 1223 1198 1278 tu

160 1301 367 1376 cupiditatibus
382 1301 489 1371 fractis,
504 1301 615 1378 legibus
629 1311 655 1359 et
668 1302 787 1378 judiciis
803 1303 975 1372 constitutis,
995 1303 1149 1360 salutarem

161 1379 271 1438 civitati
293 1380 361 1436 fore.
412 1379 575 1456 Numquis
602 1380 689 1456 igitur
716 1391 760 1440 est
786 1391 846 1438 tam
866 1382 994 1452 demens,
1014 1381 1064 1456 qui
1085 1382 1149 1452 boc,

160 1459 193 1516 P.
216 1458 320 1518 Clodio
339 1458 411 1528 vivo,
433 1460 599 1536 contingere
618 1461 745 1535 potuisse
765 1460 939 1518 arbitreturi
966 1458 1073 1520 Quidl
1104 1477 1150 1530 ea,

162 1557 226 1612 quae
241 1537 355 1608 tenetis,
370 1537 479 1613 privata
494 1549 578 1614 atque
592 1551 695 1609 vestra,
712 1539 879 1597 dominante
900 1538 1015 1596 bomine
1035 1537 1150 1608 furioso,

162 1617 237 1692 quod
249 1617 297 1692 jus
310 1627 452 1692 perpetuae
466 1617 651 1693 possessionis
665 1618 771 1676 habere
784 1617 964 1694 potuissentl
1166 1615 1199 1668 15

202 1695 322 1752 XXIX.
364 1695 431 1753 Non
466 1696 563 1768 timeo,
595 1697 720 1772 judices,
753 1716 800 1768 ne,
833 1697 901 1754 odio
933 1695 1150 1754 inimicitiarum

161 1793 293 1832 mearum
308 1773 511 1846 inflammatus,
525 1775 663 1834 libentius
676 1777 740 1834 haeo
754 1777 784 1834 in
798 1776 878 1834 illum
892 1795 1023 1834 evomere
1042 1776 1149 1847 videar,

161 1853 249 1928 quiam
264 1851 367 1910 veriirs.
409 1853 536 1926 Etenim,
551 1855 604 1913 etsi
618 1856 793 1932 praecipuum
815 1875 879 1913 esse
892 1856 1031 1926 debebat;
1052 1865 1149 1914 tamen

161 1933 203 1989 ita
223 1933 385 1990 eommunis
405 1943 466 1990 eret
485 1934 614 1991 omnium
635 1934 683 1993 ille
704 1935 802 2006 bostis,
816 1946 848 1992 ut
868 1933 898 1992 in
918 1935 1064 1993 communi
1083 1936 1151 1992 odio

160 2010 236 2088 pene
262 2011 408 2086 aequaliter
428 2023 588 2071 versaretur
613 2015 711 2072 odium
739 2033 844 2071 meum.
886 2013 952 2072 Non
979 2025 1071 2089 potest
1090 2014 1198 2074 diciw

161 2091 242 2161 satis,
257 2111 294 2148 ne
309 2091 428 2166 cogitari
442 2092 568 2165 quidem,
583 2103 722 2167 quantum
742 2092 772 2149 in
793 2093 842 2150 illo
861 2091 988 2161 sceleris,
1011 2103 1150 2166 quantum

161 2170 253 2241 exitii,
268 2169 361 2228 fuerit.
401 2170 485 2233 Quin
499 2170 542 2229 sic
565 2172 713 2243 attendite,
734 2171 856 2248 judices.
892 2170 1011 2261 Nempe
1025 2171 1088 2227 baec
1107 2179 1152 2227 est

160 2250 281 2326 qumstio
295 2249 330 2306 de
346 2250 507 2307 interituP.
523 2251 628 2310 Clodii.
671 2250 788 2327 Fingite
811 2250 934 2307 animis:
955 2249 1052 2305 liberte
1072 2248 1151 2305 enim

161 2339 228 2385 sunt
243 2329 431 2404 cogitationes
444 2340 557 2402 nostrie,
571 2342 610 2401 et,
625 2350 706 2410 quae
709 2330 816 2400 volunt,
830 2330 873 2387 sic
893 2329 1050 2398 intuentur,
1064 2338 1096 2383 ut
1115 2345 1151 2384 ea

162 2408 318 2477 cernimus,
340 2426 403 2481 quae
423 2376 561 2466 videmus’.
604 2400 721 2485 Fingite
748 2408 835 2499 igitur
855 2406 1030 2485 cogitatione
1050 2406 1150 2483 imagi·
1163 2410 1200 2465 2¹5

161 2506 229 2544 nem
245 2486 329 2561 hujus
351 2487 523 2545 conditionis
546 2507 628 2559 meas,
649 2490 673 2545 si
693 2489 799 2565 possim
819 2488 943 2559 efficere,
958 2498 990 2544 ut
1010 2486 1150 2545 lllilonem

163 2565 325 2635 absolvatis,
347 2566 398 2623 sed
428 2566 477 2637 ita,
507 2566 583 2625 siP.
612 2568 732 2626 Clodius
764 2567 905 2625 revixerit
954 2567 1037 2629 Quid
1070 2566 1149 2623 vultu

162 2644 356 2701 extimuistisl
377 2664 500 2735 quonam
516 2647 600 2704 modo
613 2646 660 2705 ille
674 2667 723 2705 vos
736 2647 816 2705 vivus
837 2646 972 2718 afficeret,
988 2666 1058 2721 quos
1078 2665 1151 2704 mor·

162 2733 229 2779 tuus
244 2723 323 2780 inani
344 2724 517 2821 cpgitatione
537 2727 696 2801 percussitl
736 2727 884 2789 Quid‘l
862 2747 887 2783 ει
911 2728 970 2803 ipse
992 2728 1046 2783 Cn.
1069 2726 1151 2783 Pom-

161 2803 253 2877 peius,
269 2802 317 2875 qui
338 2822 374 2859 ea
395 2804 497 2860 virtute
519 2823 553 2861 ac
575 2805 686 2862 fortunii
707 2816 759 2876 est,
781 2815 812 2861 ut
832 2824 868 2861 ea
887 2806 1009 2894 potuerit
1029 2823 1149 2879 semper,
1164 2806 1200 2859 30

162 2900 225 2955 quae
247 2900 332 2938 nemo
350 2893 451 2957 praetcr
474 2882 569 2952 illum;
592 2885 614 2940 si
637 2884 670 2954 is,
692 2878 820 2973 inquam,
840 2884 987 2957 potuisset,
1011 2892 1042 2938 ut
1061 2901 1151 2955 quaes·

163 2960 270 3016 tionem
286 2960 321 3017 de
336 2970 425 3017 morte
447 2960 478 3018 Ρ.
493 2928 589 3018 Clodii
618 2963 702 3031 lerre,
722 2963 766 3018 sic
787 2962 879 3035 ipsum
901 2960 936 3015 ab
957 2960 1056 3015 inseris
1075 2960 1152 3015 exci-

162 3047 240 3107 tare;
263 3048 357 3095 utrum
373 3040 478 3114 putatis
491 3040 585 3116 potius
595 3007 738 3098 lacturrim
753 3039 861 3096 luisset
848 3036 987 3093 lEtiam
997 3038 1152 3112 si,pr0pter

97 3134 101 3141 “
163 3117 332 3187 amicitiam,
347 3118 481 3175 voluisset
502 3119 581 3177 illum
604 3121 640 3176 ab
661 3117 760 3176 inieris
780 3134 925 3185 revocare,
946 3126 1058 3190 propter
1079 3133 1151 3171 rem-

162 3196 308 3271 publicam
336 3216 393 3253 non
415 3197 537 3255 fecisset
592 3197 664 3273 Ejus
685 3196 772 3285 igitur
792 3195 891 3252 mortis
910 3194 1016 3251 sedetis
1036 3193 1151 3265 ultores,
1165 3192 1201 3245 35

163 3275 246 3362 cujus
268 3274 355 3331 vitam
379 3274 403 3331 si
423 3277 529 3351 putetis
548 3296 598 3353 per
619 3296 668 3334 vos
688 3274 798 3334 restitui
819 3294 911 3350 posse,
932 3273 1045 3331 nolitis:
1067 3282 1096 3329 et
1116 3274 1152 3329 de

162 3352 224 3427 ejus
245 3371 318 3410 nece
338 3354 397 3411 lata
425 3356 544 3429 quaestio
563 3366 616 3426 est,
644 3356 692 3430 qui
714 3355 738 3411 si
768 3354 872 3411 eidem
898 3354 962 3431 lege
982 3351 1153 3410 reviviscere

162 3442 266 3507 posset,
281 3431 339 3489 lata
353 3432 399 3490 lex
419 3453 566 3524 nunquam
587 3447 669 3492 esset:
711 3434 809 3523 Hujus
828 3452 898 3509 ergo
917 3432 1083 3489 interfector
1103 3430 1153 3505 qui

161 3520 248 3581 esset,
263 3510 293 3567 iu
308 3512 471 3569 confitendo
492 3513 561 3569 ab''
543 3532 616 3571 usne
638 3532 752 3589 poenam
772 3514 897 3584 timeret,
918 3531 989 3602 ques
1008 3510 1154 3567 liberavis-

161 3590 225 3646 sett
259 3590 355 3648 Graeci
378 3591 507 3649 homines
528 3592 654 3649 Deorum
670 3594 791 3650 bonores
810 3558 978 3648 tribuirnt''
960 3610 996 3647 ns
1016 3588 1084 3645 viris
1104 3589 1152 3663 qui
1168 3599 1203 3651 40

161 3677 298 3743 tyrannos
311 3679 496 3727 necaverunt
536 3671 613 3732 Quae
637 3690 673 3748 eg
674 3670 765 3728 ovidi
787 3668 926 3726 Athenis!
949 3688 1012 3743 quae
1036 3667 1130 3724 aliis
1123 3688 1153 3725 ιιι

161 3746 281 3803 urbibus
301 3748 439 3805 Graeciae!
469 3768 605 3823 quaeres
632 3692 743 3806 digvinas
770 3748 875 3805 talibus
903 3748 1047 3804 institutas
1067 3746 1151 3805 viris!

161 3845 232 3915 quos
246 3828 368 3883 centusi
390 3846 453 3917 qum
468 3829 623 3886 carmina!
642 3847 728 3904 prope
747 3827 782 3883 ad
806 3826 1026 3883 immortalitatis
1046 3836 1075 3883 et
1089 3826 1154 3883 reli·

161 3924 278 3981 gronem
286 3915 316 3963 et
324 3924 492 3963 memoriam
506 3921 721 3965 consecrantur.
763 3907 823 3963 Vos
837 3904 910 3963 tanti
923 3918 1152 3964 conservatorem

406 3986 440 4041 ll
