2775 4425
362 373 500 425 ORATIO
523 373 593 424 Prto
615 373 647 426 Τ.
667 373 784 424 namo
806 373 956 424 MILONE.
1149 375 1205 436 101

196 519 284 582 Quid
298 519 378 578 enim
391 519 475 578 nobis
488 519 611 592 duobus,
623 519 749 597 judices,
762 517 955 578 laboriosius?
975 517 1047 593 quid
1061 516 1158 596 magis

157 599 325 671 sollicitum,
344 598 438 676 magis
457 599 628 671 exercitum,
649 599 710 658 dici
730 609 780 657 aut
799 597 871 676 fingi
890 596 1085 676 potesthui,
1106 615 1157 674 spo

159 678 400 754 amplissimorum
420 679 604 754 premiorum
625 679 662 737 ad
689 677 899 754 rempublicam
926 677 1056 749 adducti,
1076 686 1157 736 metu

158 758 424 818 crudelissimorum
448 756 654 834 suppliciorum
678 775 780 816 carere
795 777 853 816 non
866 775 1027 834 possumus
1068 755 1159 832 Equi·

159 837 226 894 dem
240 849 361 896 caeteras
374 847 560 914 tempestates
574 848 604 896 et
616 837 767 914 procellas,
782 835 813 896 in
834 835 892 894 illis
909 837 1051 894 duntaxat
1063 833 1158 894 flucti-
1187 838 1208 897 5

158 916 213 974 bus
227 917 411 988 concionum,
426 935 538 993 semper
552 917 650 994 putari
674 915 779 976 Miloni
799 935 864 974 esse
886 915 1063 987 subeundas,
1077 913 1157 992 qubd

158 1015 271 1072 semper
284 1017 336 1074 pru
351 996 433 1055 bonis
447 1007 549 1055 contra
562 996 707 1074 improbos
726 1004 874 1054 senserat:
896 994 926 1054 in
944 994 1057 1072 judicio
1076 993 1156 1067 verb,

158 1074 232 1134 etin
247 1094 282 1134 eo
296 1075 426 1148 consilio,
441 1075 471 1134 in
486 1095 544 1151 quo
556 1096 592 1136 ex
611 1075 726 1136 cunctis
747 1075 899 1134 ordinibus
920 1073 1089 1152 amplissimi
1104 1073 1158 1132 riri

168 1154 340 1226 'udicarent,
355 1173 503 1232 nunquam
527 1154 688 1214 existimari
711 1174 791 1232 spem
814 1155 904 1214 ullam
924 1174 989 1214 esse
1009 1152 1158 1212 habituros

160 1175 280 1292 Milonis
308 1235 451 1306 inimicos,
480 1235 517 1292 ad
544 1235 616 1311 ejus,
643 1253 702 1292 non
722 1234 845 1292 salutem
864 1233 951 1293 modo
971 1232 1157 1312 exstinguen-
1173 1237 1208 1292 10

159 1312 237 1384 darn,
249 1314 300 1370 sed
314 1314 402 1372 etiam
417 1314 537 1390 gloriam
552 1333 602 1390 per
616 1314 688 1372 tales
703 1313 781 1372 viros
793 1313 1019 1390 infringendam.

197 1392 388 1467 Quanquam,
404 1393 433 1450 in
448 1393 505 1450 bic
519 1393 618 1464 causa,
630 1392 756 1469 judices,
770 1391 809 1451 Τ.
825 1393 917 1450 Annii
937 1392 1098 1462 tribunatu,
1112 1411 1157 1450 re·

160 1487 270 1546 busque
283 1472 418 1530 omnibus
430 1491 482 1549 pro
495 1472 587 1530 salute
601 1471 770 1548 reipublice
784 1471 883 1548 gestis,
898 1471 936 1528 ad
954 1470 1041 1548 hujus
1062 1469 1160 1528 crimi-

158 1550 205 1610 nis
219 1552 416 1610 defensionem
430 1571 488 1610 nou
503 1552 674 1610 abutemur:
696 1550 753 1608 nisi
766 1550 860 1610 oculis
883 1549 1013 1608 videritis
1035 1548 1156 1608 insidias

158 1629 264 1688 Miloni
290 1650 306 1688 a
327 1630 432 1689 Clodio
458 1631 560 1702 factas,
582 1649 640 1689 nec
662 1630 845 1707 deprecaturi
858 1648 968 1701 sumus,
990 1638 1023 1687 ut
1046 1628 1158 1686 crimen
1174 1630 1209 1686 15

158 1709 215 1768 hoc
235 1710 328 1781 nobis,
352 1711 442 1768 multa
464 1720 577 1787 propter
600 1710 742 1788 praeolara
755 1709 785 1768 in
813 1708 1023 1786 rempublicam
1043 1707 1157 1780 merita,

158 1789 346 1861 condonetis3
368 1809 424 1848 nec
436 1789 617 1866 postulaturi,
632 1801 674 1862 ut,
689 1789 714 1848 si
738 1809 815 1848 mors
836 1789 868 1848 P.
883 1788 981 1849 Clodii
994 1788 1074 1846 salus
1095 1807 1159 1846 ves-

157 1877 203 1926 tra
224 1869 320 1941 fuerit,
344 1870 455 1928 idcirco
476 1888 541 1928 eam
563 1869 661 1928 virtuti
685 1868 805 1928 Milonis
825 1866 931 1946 potiits,
952 1867 1040 1945 qudm
1060 1867 1157 1945 populi

157 1947 288 2006 Romani
316 1949 458 2020 felicitati,
486 1948 647 2025 assignetis.
703 1949 758 2008 Sin
784 1949 863 2008 illius
886 1948 999 2007 insidiae
1019 1947 1158 2006 clariores

157 2028 215 2086 hac
229 2028 296 2086 luce
310 2028 427 2099 fuerint,
441 2038 503 2086 tum
525 2029 650 2104 denique
673 2029 834 2088 obsecrabo
852 2028 1076 2102 obtestaborque
1095 2046 1155 2098 vos,
1170 2026 1208 2082 ἵ)

162 2107 288 2183 judices,
304 2108 328 2165 si
344 2118 449 2166 catera
463 2105 621 2179 amisimus,
637 2109 692 2166 hoc
706 2107 809 2166 saltem
822 2106 907 2164 nobis
922 2115 955 2163 ut
968 2106 1158 2182 relinquatur,

159 2187 196 2244 ab
211 2187 395 2247 inimicorum
410 2187 534 2247 audacii
547 2187 670 2263 telisque
694 2187 784 2245 vitam
805 2195 838 2245 ut
859 2182 978 2262 impune
1000 2184 1090 2245 liceat
1108 2184 1159 2242 de-

158 2267 288 2325 fenderc.

198 2346 258 2405 ΙΙΙ.
294 2348 363 2418 Sed,
379 2356 534 2423 antequam
549 2348 583 2405 ad
600 2365 665 2405 eam
678 2344 839 2405 orationem
853 2342 948 2415 venio,
961 2362 1027 2419 quar
1040 2351 1085 2401 est
1096 2362 1160 2421 pro·

157 2425 221 2503 pria
234 2437 338 2485 nostrae
358 2427 534 2502 questionis
558 2427 692 2485 videntur
714 2444 750 2485 ea
770 2442 835 2483 esse
857 2424 1020 2496 refutanda,
1044 2441 1109 2499 que
1129 2432 1159 2483 et
1171 2420 1208 2477 25

158 2506 189 2564 in
203 2518 306 2564 senatu
321 2507 358 2564 ab
372 2505 499 2565 inimicis
517 2526 592 2583 saepe
604 2506 715 2583 jactata
738 2515 814 2576 sunt,
828 2514 859 2565 st
882 2504 913 2563 in
927 2504 1069 2563 concione
1082 2523 1159 2582 saepe

159 2586 196 2643 ab
224 2586 371 2663 improbis,
400 2594 430 2643 et
457 2584 544 2662 pauld
574 2583 642 2645 anta
672 2586 710 2643 ab
737 2585 956 2645 accusatoribus
963 2605 972 2656 ;
1006 2595 1049 2657 ut,
1076 2584 1156 2644 omni

160 2663 284 2746 [errore]
301 2666 424 2737 sublato,
439 2683 500 2723 rem
521 2664 619 2742 plane,
640 2685 705 2743 quae
728 2666 808 2725 venit
829 2666 861 2726 in
881 2665 1036 2743 judicium,
1059 2664 1158 2723 ridere

156 2744 281 2821 possitis.

197 2824 318 2901 Negant
332 2824 438 2883 intueri
451 2824 548 2882 lucem
563 2844 626 2883 esse
641 2826 684 2883 fas
698 2826 737 2897 ei,
751 2825 801 2900 qui
819 2844 837 2883 a
860 2843 892 2882 se
913 2822 1060 2882 hominem
1079 2823 1158 2882 occi·
1169 2822 1207 2878 30

156 2922 221 2961 sum
236 2924 300 2963 esse
311 2905 443 2962 fateatur.
485 2904 522 2962 In
536 2905 593 2980 qud
607 2906 727 2963 tandem
739 2905 812 2962 urbe
825 2905 882 2961 huc
900 2902 1032 2960 homines
1051 2902 1158 2959 stultis

156 2983 223 3041 simi
244 2984 412 3061 disputant?
443 3003 547 3060 nempe
574 2985 605 3042 in
633 2985 679 3054 eal,
709 3002 772 3057 quae
799 2982 923 3057 primum
948 2978 1093 3055 judicium
1120 2980 1158 3037 de

156 3064 252 3140 capite
267 3064 339 3122 vidit
362 3062 404 3121 M.
421 3063 547 3135 Horatii,
570 3062 718 3123 fortissimi
739 3060 812 3130 viri;
832 3059 893 3138 qni,
915 3058 1044 3120 nondum
1064 3057 1157 3115 libera

156 3144 284 3214 civitate,
307 3153 406 3201 tamen
429 3143 526 3219 populi
547 3142 676 3201 Romani
698 3139 823 3197 comitiis
844 3139 984 3197 liberatus
1010 3146 1064 3207 est,
1087 3134 1156 3195 crim

156 3222 209 3279 sud
224 3242 313 3281 manu
327 3242 453 3280 sororem
467 3222 650 3281 interfectam
665 3238 730 3277 esse
744 3220 889 3277 fateretur.
1169 3215 1205 3270 3⁵

196 3302 244 3359 An
260 3312 303 3360 est
318 3301 480 3377 quisquam,
496 3302 545 3377 qui
560 3303 615 3359 hoc
630 3300 752 3377 ignoret,
767 3297 836 3357 crim
858 3300 895 3357 de
918 3296 1036 3356 bomine
1058 3295 1157 3355 occiso

155 3392 309 3455 queratur,
326 3392 375 3439 aut
395 3382 497 3458 negari
521 3380 612 3438 solere
632 3379 751 3438 omnino
771 3400 835 3438 csse
857 3380 977 3450 factum,
1001 3388 1060 3449 aut,
1074 3375 1155 3434 rectd

156 3479 191 3519 ac
202 3461 268 3537 jure
283 3462 392 3519 facturn
411 3480 485 3531 esse,
501 3460 638 3518 defendil
679 3459 747 3517 Nisi
761 3458 829 3517 verb
844 3457 1024 3530 existimatis,
1039 3458 1157 3515 demen-

155 3550 214 3597 tem
229 3540 261 3598 P.
277 3540 452 3599 Africanum
475 3540 574 3610 fuisse,
597 3539 657 3614 qui,
681 3537 750 3597 cium
773 3558 790 3597 a
812 3539 847 3597 O.
872 3539 1018 3608 Carbone,
1039 3536 1157 3595 tribuno

154 3620 256 3696 plebis,
285 3621 316 3679 in
344 3620 485 3679 concione
513 3617 648 3677 seditiose
678 3618 912 3695 interrogaretur,
941 3616 1010 3691 quid
1039 3617 1076 3674 de
1104 3614 1154 3675 Ti.
1168 3612 1205 3669 40

153 3700 284 3758 Gracchi
299 3712 390 3759 morte
405 3702 534 3770 sentiret,
558 3698 716 3775 respondit,
737 3698 802 3774 jure
824 3715 932 3755 casum
953 3694 1053 3753 videri.
1094 3694 1155 3753 Nc·

154 3800 210 3855 que
225 3780 304 3837 enim
318 3791 414 3857 posset
429 3791 478 3838 aut
492 3778 590 3837 Ahala
604 3779 652 3837 ille
673 3777 823 3849 Servilius,
849 3786 899 3834 aut
912 3776 944 3835 P.
959 3774 1082 3849 Nasica,
1104 3786 1154 3835 aut

154 3859 188 3917 L.
203 3859 351 3936 Opimius,
375 3870 424 3917 aut
445 3860 480 3918 G.
496 3858 620 3929 Marius,
644 3867 704 3929 aut,
727 3876 774 3913 me
796 3856 925 3927 consule,
947 3866 1075 3929 senatus,
1095 3876 1154 3915 non

154 3940 285 3999 nefarius
298 3940 417 4076 haberi&
425 3940 450 4053 {i
464 3938 620 3999 sceleratos
634 3937 714 3997 cives
727 3935 852 3998 interfici
875 3936 958 3997 nefas
970 3947 1055 3996 esset.
1096 3936 1155 3995 lta-
