2775 4425
409 350 545 400 ORATlO
567 350 605 398 ln
627 351 665 400 Μ.
682 351 885 400 aaronica.
1138 357 1195 413 ll?

155 491 291 549 luxuriosi
316 491 451 562 hominis,
472 492 522 548 sed
547 501 644 550 tamen
669 493 853 550 abundantis.
895 493 1019 566 Horum,
1041 495 1143 571 paucis

156 569 266 640 diebus,
282 569 353 626 nihil
368 581 437 627 erat.

193 648 270 708 Quae
292 649 455 723 Charybdis
474 659 532 706 tam
554 651 660 707 voraxl
711 649 879 724 Charybdin
899 651 989 710 dicul
1021 671 1096 728 quas,
1118 653 1142 710 si

84 722 90 733 ‘
156 725 217 798 luit,
233 727 285 784 suit
301 728 405 784 animal
429 747 537 785 unum:
559 727 698 790 Oceanus
713 729 841 799 (medius
853 728 953 808 fidius)
968 731 1015 788 vix
1028 731 1142 788 videtur

156 815 195 862 tot
216 825 271 875 res,
286 817 345 863 tam
360 806 522 882 dissipatas,
538 817 597 864 tam
613 807 788 864 distantibus
808 807 838 864 iu
859 807 932 865 locis
951 809 1068 884 positas,
1082 820 1141 867 tam
1175 815 1195 868 5

156 884 213 941 citri
236 885 389 940 absorbere
410 885 543 960 potuisse.
585 885 667 942 Nihil
681 885 893 956 eratclausum,
914 886 986 945 nibil
1009 887 1143 976 obsigna·

156 972 225 1032 tum,
241 963 312 1019 nihd
334 963 479 1038 scriptum.
521 964 681 1038 Apothecae
702 974 769 1022 totae
782 963 965 1040 nequissimis
979 966 1143 1024 bominibus

156 1041 411 1098 condonabantur:
447 1043 502 1098 alia
529 1042 609 1099 mimi
629 1042 789 1117 rapiebant,
810 1043 867 1100 alia
893 1043 1006 1102 mimas:
1039 1044 1143 1102 domus

155 1130 215 1176 erat
237 1119 409 1177 aleatoribus
429 1119 542 1190 referta,
563 1121 649 1196 plena
668 1122 830 1180 ebriorum:
851 1131 926 1180 totos
944 1123 1007 1180 dies
1026 1123 1144 1199 potaba-

155 1207 209 1269 tur,
227 1210 312 1274 atque
327 1199 356 1255 id
370 1198 441 1256 locis
461 1199 608 1279 pluribus:
630 1200 858 1276 suggerebantur
877 1200 966 1258 etiam
979 1220 1055 1277 saepe
1070 1200 1142 1278 (nou
1162 1204 1196 1258 1⁰

155 1277 232 1333 enim
254 1296 366 1351 semper
388 1277 446 1352 ipse
468 1277 549 1355 salix)
571 1277 679 1334 damna
700 1278 852 1336 alectoria:
873 1278 1065 1354 conchyliatis
1085 1280 1142 1338 Cn.

155 1355 284 1432 Pompeii
307 1356 520 1430 peristromatis,
535 1375 679 1413 servorum
693 1356 724 1414 iu
738 1355 830 1426 cellis,
843 1355 934 1415 lectos
953 1368 1055 1416 stratos
1068 1358 1145 1415 ride·

155 1453 208 1490 res.
249 1434 449 1495 Quamobrem
470 1434 593 1492 desinite
620 1434 727 1505 mirari,
747 1435 810 1492 brec
836 1445 896 1492 tam
922 1435 1054 1493 celeriter
1080 1454 1145 1492 esse

156 1522 334 1587 consumpta.
377 1512 444 1570 Non
473 1511 556 1570 modo
583 1513 670 1570 unius
697 1512 910 1588 patrimonium,
930 1513 1060 1588 quamvis
1087 1532 1145 1570 am·

155 1591 233 1666 plum
250 1591 295 1665 (ut
311 1591 380 1648 illud
396 1591 474 1669 luit),
489 1591 539 1648 sed
562 1592 657 1663 urbes,
670 1601 701 1648 et
723 1609 823 1668 regua,
838 1591 969 1650 celeriter
990 1601 1071 1649 tauta
1094 1611 1144 1649 ne·
1163 1595 1197 1648 15

156 1671 245 1745 quitia
259 1670 396 1727 devorare
410 1671 556 1746 potuisset.

195 1750 236 1804 At
250 1749 379 1824 ejusdem
404 1748 480 1805 aedes
502 1747 600 1819 etiam,
621 1759 651 1806 et
671 1748 776 1808 hortos.
827 1747 856 1806 Ο
878 1747 1031 1806 audaciam
1045 1749 1145 1808 imma·

157 1829 238 1885 nem!
268 1840 298 1884 tu
315 1827 425 1903 ingredi
449 1827 526 1884 illam
549 1826 664 1884 domum
687 1846 774 1886 ausus
786 1829 840 1884 esl
868 1841 899 1886 tu
913 1828 983 1886 illud
997 1829 1143 1887 sanctissi-

157 1925 234 1962 mum
259 1906 347 1963 limen
370 1907 496 1963 intraret
530 1915 560 1962 tu
585 1905 698 1964 illarum
724 1907 829 1964 adium
854 1907 919 1964 Diis
940 1907 1094 1984 penatibus
1110 1927 1144 1966 os

158 1984 429 2060 importunissimum
444 1983 617 2042 ostenderet
656 1984 756 2046 Quam
778 1985 894 2043 domum
915 1985 1081 2062 aliquandiu
1095 2005 1145 2044 ne·
1160 1985 1197 2040 20

157 2082 203 2119 rno
218 2064 366 2138 adspicere
386 2073 506 2138 poterat,
530 2082 614 2120 nemo
636 2063 699 2120 sine
721 2064 856 2138 lacrymis
876 2065 1032 2138 praeterire,
1046 2065 1102 2120 bac
1116 2075 1145 2120 te

134 2216 138 2219 -
158 2141 187 2198 in
201 2141 286 2199 domo
300 2143 410 2202 tamdiu
431 2142 567 2200 diversari
589 2161 646 2198 non
660 2141 769 2218 pudetl
798 2142 828 2198 iu
850 2142 917 2217 qui,
930 2141 1060 2218 quamvis
1072 2141 1144 2198 nibil

157 2222 261 2297 sapias,
276 2233 373 2279 tamen
388 2221 459 2278 nihil
474 2222 524 2279 tibi
539 2231 632 2297 potest
645 2240 709 2277 esse
720 2220 892 2296 jucundum.

179 2300 346 2377 ,xxviii
388 2303 436 2358 An
451 2312 492 2367 tu,
508 2301 556 2357 illa
571 2300 599 2357 in
622 2298 763 2357 vestibulo
776 2310 876 2368 rostra,
891 2298 991 2375 spolia,
1006 2296 1075 2355 cdm
1096 2298 1146 2355 ad·

158 2379 286 2452 spexisti,
301 2379 416 2436 domum
437 2389 517 2437 tuam
532 2390 560 2436 te
581 2378 698 2435 introire
718 2379 825 2453 putasl
865 2377 943 2435 Fieri
965 2398 1022 2436 uon
1043 2387 1144 2454 potest.
1162 2388 1198 2441 25

157 2456 300 2517 Quamvis
313 2458 391 2514 enim
405 2458 466 2515 sine
487 2469 592 2528 mente,
607 2458 669 2515 sine
691 2476 778 2515 sensu
802 2457 851 2529 sis,
864 2469 896 2515 ut
916 2477 965 2529 es;
997 2468 1094 2515 tamen
1115 2468 1145 2515 et

158 2545 195 2605 te,
210 2548 239 2593 et
254 2546 314 2606 tua,
328 2547 358 2593 et
371 2548 445 2609 tuos,
460 2534 544 2594 misti.
586 2534 652 2593 Nec
674 2535 741 2593 verb
763 2548 791 2593 te
812 2556 947 2613 unquam,
962 2556 1055 2613 neque
1075 2536 1146 2613 vigi·

158 2613 265 2671 lantern
281 2634 374 2690 neque
389 2615 418 2673 in
433 2615 551 2686 somnis,
570 2615 658 2672 credo
673 2625 769 2673 mente
782 2636 864 2692 posse
879 2617 1043 2674 consistere.
1085 2614 1145 2674 Ne·

158 2711 238 2751 cesse
253 2705 306 2763 est,
320 2695 450 2769 quamvis
470 2693 519 2763 sis,
534 2706 565 2751 ut
584 2713 625 2764 es,
642 2690 810 2775 [violentus]
827 2707 855 2752 et
879 2696 986 2766 furens,
1000 2694 1068 2752 crim
1092 2694 1145 2753 tibi

157 2772 272 2847 objecta
292 2772 329 2829 sit
348 2773 459 2848 species
480 2772 633 2849 singularis
654 2773 716 2843 viri,
737 2775 917 2850 perterritum
939 2788 967 2831 te
988 2774 1023 2830 de
1044 2792 1145 2831 somno
1161 2783 1197 2837 30

158 2851 288 2921 excitari,
305 2851 398 2908 furere
418 2852 504 2909 etiam
526 2870 600 2927 saepe
619 2852 793 2927 vigilantem.
836 2851 886 2907 Ma
899 2852 1015 2925 quidem
1030 2852 1146 2909 miseret

158 2930 299 3004 parietum
315 2930 438 3005 ipsorum
456 2942 539 3005 atquc
553 2942 703 2987 tectorum.
744 2929 826 2990 Quid
848 2928 925 2985 euim
950 2948 1076 3003 uuquam
1097 2930 1146 2984 do·

159 3026 221 3064 mus
242 3008 289 3065 illa
313 3009 432 3079 viderat,
447 3009 502 3066 nisi
517 3010 665 3083 pu'dicum,
680 3006 785 3063 nisiex
798 3006 906 3080 optimo
919 3025 1008 3076 more,
1021 3016 1051 3062 et
1063 3025 1147 3062 sanc·

159 3086 268 3143 tissima
292 3087 467 3163 disciplindl
509 3087 577 3144 Fuit
599 3086 676 3143 euim
702 3084 749 3142 ille
771 3084 823 3155 vir,
846 3084 945 3141 Patres
972 3082 1146 3159 Conscripti,

160 3162 248 3241 (sicut
262 3165 356 3243 scitis)
373 3164 522 3223 cirmforis
537 3166 641 3235 clarus,
656 3174 717 3221 tum
732 3163 808 3220 domi
830 3162 1015 3220 admirandus
1024 3182 1031 3231 ;
1053 3180 1146 3236 neque
1163 3168 1200 3223 35

159 3244 244 3300 rebus
265 3244 391 3300 externis
412 3245 503 3320 magis
524 3243 695 3313 laudandus,
709 3241 796 3317 quam
817 3240 953 3299 institutis
972 3239 1146 3300 domesticis.

159 3320 255 3397 Hujus
277 3323 306 3379 in
327 3324 454 3393 sedibus,
475 3343 526 3398 pro
546 3321 689 3380 cubiculis
710 3320 832 3391 stabula,
846 3340 897 3397 pro
917 3320 1051 3378 tricliniis
1070 3318 1148 3394 popi-

159 3420 212 3471 nae,
232 3411 308 3457 sunt.
350 3401 413 3458 Etsi
432 3402 490 3478 jam
513 3413 607 3477 negat.
649 3398 758 3470 Nolite,
780 3400 867 3457 nolite
880 3418 1015 3475 quaerere.
1051 3396 1147 3474 'Frugi

160 3478 252 3536 lactus
266 3490 327 3537 est:
348 3481 465 3536 mimam
481 3479 558 3537 illam
573 3498 653 3536 suam
669 3499 736 3536 suas
750 3498 795 3535 res
809 3479 864 3535 sibi
878 3478 984 3535 habere
1002 3477 1096 3553 jussit,
1110 3494 1147 3533 ex

159 3556 322 3614 Duodecim
343 3558 483 3615 Tabulis:
519 3560 614 3615 claves
637 3558 762 3625 ademit;
796 3557 900 3634 exegit.
940 3555 1040 3617 Quam
1063 3552 1146 3631 porro
1164 3557 1200 3611 to

159 3647 305 3711 spectatus
326 3637 408 3707 civis,
429 3635 514 3713 quarn
536 3637 680 3711 probatus,
695 3636 778 3710 cujus
798 3655 834 3692 ex
853 3634 932 3692 omni
947 3634 1004 3691 vitri
1018 3634 1090 3690 nihil
1104 3643 1148 3691 est

159 3714 316 3785 honestius
331 3713 417 3789 quim
432 3712 507 3789 qubd
523 3734 589 3771 cum
604 3714 692 3770 mima
707 3713 777 3769 fecit
794 3713 966 3769 divortiuml
1007 3715 1048 3769 At
1061 3711 1147 3787 quam

160 3791 262 3850 crebro
285 3804 402 3868 usurpat
418 3793 485 3850 “Et
505 3792 605 3849 consul
633 3803 662 3848 et
688 3792 835 3848 Antonius
845 3791 871 3846 !”
895 3791 950 3847 hoc
976 3805 1020 3850 est
1039 3792 1147 3862 dicere,

160 3882 186 3925 et
208 3871 321 3944 consul,
341 3882 371 3929 et
390 3871 651 3949 impudicissimus:
674 3882 703 3928 et
724 3870 834 3935 consul,
858 3879 888 3926 et
907 3870 992 3929 bomo
1012 3870 1150 3948 nequissi-
