<?xml version="1.0" encoding="UTF-8"?>
<!DOCTYPE html PUBLIC "-//W3C//DTD XHTML 1.0 Transitional//EN"
    "http://www.w3.org/TR/xhtml1/DTD/xhtml1-transitional.dtd">
<html xmlns="http://www.w3.org/1999/xhtml" xml:lang="en" lang="en">
 <head>
  <title>
</title>
<meta http-equiv="Content-Type" content="text/html;charset=utf-8" />
  <meta name='ocr-system' content='tesseract 3.04.00' />
  <meta name='ocr-capabilities' content='ocr_page ocr_carea ocr_par ocr_line ocrx_word'/>
</head>
<body>
  <div class='ocr_page' id='page_1' title='image "./mtciceronisorat00folsgoog/mtciceronisorat00folsgoog_0017.png"; bbox 0 0 2775 4425; ppageno 0'>
   <div class='ocr_carea' id='block_1_1' title="bbox 389 364 1192 423">
    <p class='ocr_par' dir='ltr' id='par_1_1' title="bbox 389 364 1192 423">
     <span class='ocr_line' id='line_1_1' title="bbox 389 364 1192 423; baseline -0.01 -4"><span class='ocrx_word' id='word_1_1' title='bbox 389 368 525 419; x_wconf 81' lang='lat' dir='ltr'>ORATIO</span> <span class='ocrx_word' id='word_1_2' title='bbox 548 366 568 417; x_wconf 89' lang='lat'>1.</span> <span class='ocrx_word' id='word_1_3' title='bbox 592 366 629 417; x_wconf 85' lang='lat' dir='ltr'>IN</span> <span class='ocrx_word' id='word_1_4' title='bbox 651 366 682 415; x_wconf 85' lang='lat' dir='ltr'>L.</span> <span class='ocrx_word' id='word_1_5' title='bbox 699 364 912 416; x_wconf 76' lang='lat' dir='ltr'><strong>CATILINAM.</strong></span> <span class='ocrx_word' id='word_1_6' title='bbox 1157 364 1192 423; x_wconf 80' lang='grc' dir='ltr'>ιι</span> 
     </span>
    </p>
   </div>
   <div class='ocr_carea' id='block_1_2' title="bbox 161 505 1196 903">
    <p class='ocr_par' dir='ltr' id='par_1_2' title="bbox 161 505 1196 903">
     <span class='ocr_line' id='line_1_2' title="bbox 161 505 1143 588; baseline -0.008 -17"><span class='ocrx_word' id='word_1_7' title='bbox 161 514 244 577; x_wconf 83' lang='lat' dir='ltr'><strong>Quid</strong></span> <span class='ocrx_word' id='word_1_8' title='bbox 259 508 351 570; x_wconf 84' lang='lat' dir='ltr'>verdl</span> <span class='ocrx_word' id='word_1_9' title='bbox 366 531 466 588; x_wconf 82' lang='lat' dir='ltr'>nuper,</span> <span class='ocrx_word' id='word_1_10' title='bbox 482 510 561 583; x_wconf 81' lang='lat' dir='ltr'>oiim,</span> <span class='ocrx_word' id='word_1_11' title='bbox 575 520 666 568; x_wconf 90' lang='lat' dir='ltr'>morte</span> <span class='ocrx_word' id='word_1_12' title='bbox 680 508 834 585; x_wconf 83' lang='lat' dir='ltr'>superioris</span> <span class='ocrx_word' id='word_1_13' title='bbox 848 507 954 577; x_wconf 85' lang='lat' dir='ltr'>uxoris,</span> <span class='ocrx_word' id='word_1_14' title='bbox 968 505 1051 565; x_wconf 86' lang='lat' dir='ltr'>noris</span> <span class='ocrx_word' id='word_1_15' title='bbox 1070 524 1143 583; x_wconf 90' lang='lat' dir='ltr'>nup·</span> 
     </span>
     <span class='ocr_line' id='line_1_3' title="bbox 163 586 1142 660; baseline -0.01 -8"><span class='ocrx_word' id='word_1_16' title='bbox 163 596 211 651; x_wconf 92' lang='lat' dir='ltr'>tiis</span> <span class='ocrx_word' id='word_1_17' title='bbox 225 594 341 650; x_wconf 90' lang='lat' dir='ltr'>domum</span> <span class='ocrx_word' id='word_1_18' title='bbox 358 591 578 660; x_wconf 78' lang='lat' dir='ltr'>vacuefecisses,</span> <span class='ocrx_word' id='word_1_19' title='bbox 594 608 689 647; x_wconf 91' lang='lat' dir='ltr'>nonue</span> <span class='ocrx_word' id='word_1_20' title='bbox 703 589 790 645; x_wconf 88' lang='lat' dir='ltr'>etiam</span> <span class='ocrx_word' id='word_1_21' title='bbox 805 588 861 645; x_wconf 89' lang='lat' dir='ltr'>alio</span> <span class='ocrx_word' id='word_1_22' title='bbox 876 587 1037 645; x_wconf 80' lang='lat' dir='ltr'>incredibili</span> <span class='ocrx_word' id='word_1_23' title='bbox 1051 586 1142 643; x_wconf 84' lang='lat' dir='ltr'>scele-</span> 
     </span>
     <span class='ocr_line' id='line_1_4' title="bbox 165 664 1143 743; baseline -0.011 -12"><span class='ocrx_word' id='word_1_24' title='bbox 165 692 195 731; x_wconf 87' lang='lat' dir='ltr'>rc</span> <span class='ocrx_word' id='word_1_25' title='bbox 211 675 265 728; x_wconf 89' lang='lat' dir='ltr'>hoc</span> <span class='ocrx_word' id='word_1_26' title='bbox 277 670 373 727; x_wconf 86' lang='lat' dir='ltr'>scelus</span> <span class='ocrx_word' id='word_1_27' title='bbox 381 670 557 727; x_wconf 74' lang='lat' dir='ltr'>cumuldstil</span> <span class='ocrx_word' id='word_1_28' title='bbox 571 669 646 743; x_wconf 89' lang='lat' dir='ltr'>quod</span> <span class='ocrx_word' id='word_1_29' title='bbox 658 687 713 743; x_wconf 84' lang='lat' dir='ltr'>ego</span> <span class='ocrx_word' id='word_1_30' title='bbox 725 667 919 742; x_wconf 80' lang='lat' dir='ltr'>praetermitto,</span> <span class='ocrx_word' id='word_1_31' title='bbox 931 678 962 721; x_wconf 89' lang='lat' dir='ltr'>et</span> <span class='ocrx_word' id='word_1_32' title='bbox 977 665 1060 723; x_wconf 77' lang='lat' dir='ltr'>facile</span> <span class='ocrx_word' id='word_1_33' title='bbox 1071 664 1143 741; x_wconf 90' lang='lat' dir='ltr'>pati·</span> 
     </span>
     <span class='ocr_line' id='line_1_5' title="bbox 164 744 1143 819; baseline -0.008 -10"><span class='ocrx_word' id='word_1_34' title='bbox 164 770 196 809; x_wconf 92' lang='lat' dir='ltr'>or</span> <span class='ocrx_word' id='word_1_35' title='bbox 217 749 304 819; x_wconf 88' lang='lat' dir='ltr'>sileri,</span> <span class='ocrx_word' id='word_1_36' title='bbox 330 766 367 804; x_wconf 90' lang='lat' dir='ltr'>ne</span> <span class='ocrx_word' id='word_1_37' title='bbox 392 748 420 804; x_wconf 93' lang='lat' dir='ltr'>in</span> <span class='ocrx_word' id='word_1_38' title='bbox 437 748 492 805; x_wconf 73' lang='lat' dir='ltr'>hac</span> <span class='ocrx_word' id='word_1_39' title='bbox 517 747 632 804; x_wconf 86' lang='lat' dir='ltr'>civitate</span> <span class='ocrx_word' id='word_1_40' title='bbox 654 746 727 803; x_wconf 89' lang='lat' dir='ltr'>tanti</span> <span class='ocrx_word' id='word_1_41' title='bbox 749 744 886 803; x_wconf 82' lang='lat' dir='ltr'>facinoris</span> <span class='ocrx_word' id='word_1_42' title='bbox 910 744 1073 801; x_wconf 86' lang='lat' dir='ltr'>immanitas</span> <span class='ocrx_word' id='word_1_43' title='bbox 1093 754 1143 801; x_wconf 89' lang='lat' dir='ltr'>aut</span> 
     </span>
     <span class='ocr_line' id='line_1_6' title="bbox 166 822 1196 903; baseline -0.007 -17"><span class='ocrx_word' id='word_1_44' title='bbox 166 828 318 896; x_wconf 81' lang='lat' dir='ltr'>exstitisse,</span> <span class='ocrx_word' id='word_1_45' title='bbox 345 837 394 883; x_wconf 89' lang='lat' dir='ltr'>aut</span> <span class='ocrx_word' id='word_1_46' title='bbox 420 844 477 885; x_wconf 90' lang='lat' dir='ltr'>nou</span> <span class='ocrx_word' id='word_1_47' title='bbox 499 826 644 882; x_wconf 86' lang='lat' dir='ltr'>vindicata</span> <span class='ocrx_word' id='word_1_48' title='bbox 664 842 739 893; x_wconf 87' lang='lat' dir='ltr'>esse,</span> <span class='ocrx_word' id='word_1_49' title='bbox 761 823 944 903; x_wconf 46' lang='lat' dir='ltr'>rideatural.</span> <span class='ocrx_word' id='word_1_50' title='bbox 953 822 1143 879; x_wconf 73' lang='lat' dir='ltr'>Praetermitto</span> <span class='ocrx_word' id='word_1_51' title='bbox 1176 830 1196 885; x_wconf 77' lang='lat'><strong>5</strong></span> 
     </span>
    </p>
   </div>
   <div class='ocr_carea' id='block_1_3' title="bbox 62 900 1143 979">
    <p class='ocr_par' dir='ltr' id='par_1_3' title="bbox 62 900 1143 979">
     <span class='ocr_line' id='line_1_7' title="bbox 62 900 1143 979; baseline -0.007 -14"><span class='ocrx_word' id='word_1_52' title='bbox 62 932 65 935; x_wconf 94' lang='lat'>·</span> <span class='ocrx_word' id='word_1_53' title='bbox 167 907 266 965; x_wconf 89' lang='lat' dir='ltr'>ruinas</span> <span class='ocrx_word' id='word_1_54' title='bbox 280 905 455 963; x_wconf 77' lang='lat' dir='ltr'>fortunarum</span> <span class='ocrx_word' id='word_1_55' title='bbox 470 916 593 973; x_wconf 90' lang='lat' dir='ltr'>tuarum,</span> <span class='ocrx_word' id='word_1_56' title='bbox 607 921 677 979; x_wconf 86' lang='lat' dir='ltr'>quas</span> <span class='ocrx_word' id='word_1_57' title='bbox 690 920 792 961; x_wconf 82' lang='lat' dir='ltr'>omnes</span> <span class='ocrx_word' id='word_1_58' title='bbox 805 902 972 978; x_wconf 82' lang='lat' dir='ltr'>impendere</span> <span class='ocrx_word' id='word_1_59' title='bbox 986 901 1038 957; x_wconf 90' lang='lat' dir='ltr'>tibi</span> <span class='ocrx_word' id='word_1_60' title='bbox 1052 900 1143 976; x_wconf 83' lang='lat' dir='ltr'>protri-</span> 
     </span>
    </p>
   </div>
   <div class='ocr_carea' id='block_1_4' title="bbox 146 978 1199 3884">
    <p class='ocr_par' dir='ltr' id='par_1_4' title="bbox 146 978 1199 3884">
     <span class='ocr_line' id='line_1_8' title="bbox 167 978 1143 1057; baseline -0.006 -14"><span class='ocrx_word' id='word_1_61' title='bbox 167 986 222 1043; x_wconf 90' lang='lat' dir='ltr'>mis</span> <span class='ocrx_word' id='word_1_62' title='bbox 236 983 336 1041; x_wconf 91' lang='lat' dir='ltr'>ldibus</span> <span class='ocrx_word' id='word_1_63' title='bbox 351 983 473 1039; x_wconf 86' lang='lat' dir='ltr'>senties:</span> <span class='ocrx_word' id='word_1_64' title='bbox 495 984 531 1041; x_wconf 86' lang='lat' dir='ltr'>ad</span> <span class='ocrx_word' id='word_1_65' title='bbox 544 982 591 1039; x_wconf 90' lang='lat' dir='ltr'>illa</span> <span class='ocrx_word' id='word_1_66' title='bbox 604 982 698 1051; x_wconf 87' lang='lat' dir='ltr'>venio,</span> <span class='ocrx_word' id='word_1_67' title='bbox 711 1000 775 1056; x_wconf 78' lang='lat' dir='ltr'>quae</span> <span class='ocrx_word' id='word_1_68' title='bbox 789 1000 848 1038; x_wconf 89' lang='lat' dir='ltr'>non</span> <span class='ocrx_word' id='word_1_69' title='bbox 860 980 895 1037; x_wconf 91' lang='lat' dir='ltr'>ad</span> <span class='ocrx_word' id='word_1_70' title='bbox 909 978 1047 1057; x_wconf 83' lang='lat' dir='ltr'>privatam</span> <span class='ocrx_word' id='word_1_71' title='bbox 1064 978 1143 1055; x_wconf 78' lang='lat' dir='ltr'>iguo-</span> 
     </span>
     <span class='ocr_line' id='line_1_9' title="bbox 172 1058 1144 1131; baseline -0.005 -11"><span class='ocrx_word' id='word_1_72' title='bbox 172 1063 286 1120; x_wconf 89' lang='lat' dir='ltr'>niniam</span> <span class='ocrx_word' id='word_1_73' title='bbox 301 1062 432 1119; x_wconf 87' lang='lat' dir='ltr'>vitiorum</span> <span class='ocrx_word' id='word_1_74' title='bbox 448 1071 573 1131; x_wconf 89' lang='lat' dir='ltr'>tuorum,</span> <span class='ocrx_word' id='word_1_75' title='bbox 588 1080 646 1118; x_wconf 92' lang='lat' dir='ltr'>non</span> <span class='ocrx_word' id='word_1_76' title='bbox 661 1062 697 1117; x_wconf 93' lang='lat' dir='ltr'>ad</span> <span class='ocrx_word' id='word_1_77' title='bbox 711 1059 900 1117; x_wconf 77' lang='lat' dir='ltr'>domesticam</span> <span class='ocrx_word' id='word_1_78' title='bbox 921 1070 999 1115; x_wconf 86' lang='lat' dir='ltr'>tuam</span> <span class='ocrx_word' id='word_1_79' title='bbox 1020 1058 1144 1115; x_wconf 81' lang='lat' dir='ltr'>difficul-</span> 
     </span>
     <span class='ocr_line' id='line_1_10' title="bbox 169 1136 1143 1215; baseline -0.005 -17"><span class='ocrx_word' id='word_1_80' title='bbox 169 1152 255 1199; x_wconf 85' lang='lat' dir='ltr'>tatem</span> <span class='ocrx_word' id='word_1_81' title='bbox 271 1159 305 1196; x_wconf 91' lang='lat' dir='ltr'>ac</span> <span class='ocrx_word' id='word_1_82' title='bbox 320 1140 535 1215; x_wconf 80' lang='lat' dir='ltr'>turpitudinem,</span> <span class='ocrx_word' id='word_1_83' title='bbox 550 1140 599 1195; x_wconf 84' lang='lat' dir='ltr'>sed</span> <span class='ocrx_word' id='word_1_84' title='bbox 615 1138 651 1195; x_wconf 91' lang='lat' dir='ltr'>ad</span> <span class='ocrx_word' id='word_1_85' title='bbox 665 1157 806 1197; x_wconf 86' lang='lat' dir='ltr'>summam</span> <span class='ocrx_word' id='word_1_86' title='bbox 821 1137 996 1212; x_wconf 75' lang='lat' dir='ltr'>reipubtice,</span> <span class='ocrx_word' id='word_1_87' title='bbox 1008 1148 1092 1212; x_wconf 87' lang='lat' dir='ltr'>atque</span> <span class='ocrx_word' id='word_1_88' title='bbox 1107 1136 1143 1194; x_wconf 89' lang='lat' dir='ltr'>ad</span> 
     </span>
     <span class='ocr_line' id='line_1_11' title="bbox 166 1216 1196 1291; baseline -0.004 -14"><span class='ocrx_word' id='word_1_89' title='bbox 166 1220 295 1277; x_wconf 89' lang='lat' dir='ltr'>omnium</span> <span class='ocrx_word' id='word_1_90' title='bbox 311 1218 438 1275; x_wconf 83' lang='lat' dir='ltr'>nostrdm</span> <span class='ocrx_word' id='word_1_91' title='bbox 454 1218 539 1274; x_wconf 85' lang='lat' dir='ltr'>vitam</span> <span class='ocrx_word' id='word_1_92' title='bbox 554 1216 740 1291; x_wconf 84' lang='lat' dir='ltr'>salutemque,</span> <span class='ocrx_word' id='word_1_93' title='bbox 755 1216 908 1291; x_wconf 85' lang='lat' dir='ltr'>pertinent.</span> <span class='ocrx_word' id='word_1_94' title='bbox 1162 1220 1196 1273; x_wconf 87' lang='grc'>10</span> 
     </span>
     <span class='ocr_line' id='line_1_12' title="bbox 208 1291 1144 1371; baseline -0.006 -17"><span class='ocrx_word' id='word_1_95' title='bbox 208 1298 342 1355; x_wconf 88' lang='lat' dir='ltr'>Potestne</span> <span class='ocrx_word' id='word_1_96' title='bbox 355 1296 406 1353; x_wconf 91' lang='lat' dir='ltr'>tibi</span> <span class='ocrx_word' id='word_1_97' title='bbox 421 1296 505 1371; x_wconf 84' lang='lat' dir='ltr'>hujus</span> <span class='ocrx_word' id='word_1_98' title='bbox 519 1296 582 1353; x_wconf 79' lang='lat' dir='ltr'>vitae</span> <span class='ocrx_word' id='word_1_99' title='bbox 597 1295 656 1365; x_wconf 82' lang='lat' dir='ltr'>lux,</span> <span class='ocrx_word' id='word_1_100' title='bbox 671 1296 808 1365; x_wconf 88' lang='lat' dir='ltr'>Catilina,</span> <span class='ocrx_word' id='word_1_101' title='bbox 824 1307 872 1352; x_wconf 90' lang='lat' dir='ltr'>aut</span> <span class='ocrx_word' id='word_1_102' title='bbox 887 1292 972 1369; x_wconf 87' lang='lat' dir='ltr'>hujus</span> <span class='ocrx_word' id='word_1_103' title='bbox 982 1292 1048 1351; x_wconf 85' lang='lat' dir='ltr'>coeli</span> <span class='ocrx_word' id='word_1_104' title='bbox 1063 1291 1144 1369; x_wconf 91' lang='lat' dir='ltr'>spiri·</span> 
     </span>
     <span class='ocr_line' id='line_1_13' title="bbox 169 1371 1144 1449; baseline -0.003 -17"><span class='ocrx_word' id='word_1_105' title='bbox 169 1386 216 1433; x_wconf 92' lang='lat' dir='ltr'>tus</span> <span class='ocrx_word' id='word_1_106' title='bbox 242 1394 305 1431; x_wconf 89' lang='lat' dir='ltr'>esse</span> <span class='ocrx_word' id='word_1_107' title='bbox 329 1374 486 1449; x_wconf 88' lang='lat' dir='ltr'>jucundus,</span> <span class='ocrx_word' id='word_1_108' title='bbox 508 1372 576 1431; x_wconf 85' lang='lat' dir='ltr'>citra</span> <span class='ocrx_word' id='word_1_109' title='bbox 598 1374 683 1444; x_wconf 89' lang='lat' dir='ltr'>scias,</span> <span class='ocrx_word' id='word_1_110' title='bbox 706 1374 807 1431; x_wconf 87' lang='lat' dir='ltr'>horum</span> <span class='ocrx_word' id='word_1_111' title='bbox 826 1392 890 1429; x_wconf 91' lang='lat' dir='ltr'>esse</span> <span class='ocrx_word' id='word_1_112' title='bbox 917 1372 1074 1441; x_wconf 89' lang='lat' dir='ltr'>neminem,</span> <span class='ocrx_word' id='word_1_113' title='bbox 1094 1371 1144 1447; x_wconf 88' lang='lat' dir='ltr'>qui</span> 
     </span>
     <span class='ocr_line' id='line_1_14' title="bbox 170 1449 1146 1527; baseline -0.004 -16"><span class='ocrx_word' id='word_1_114' title='bbox 170 1454 291 1523; x_wconf 90' lang='lat' dir='ltr'>nesciat,</span> <span class='ocrx_word' id='word_1_115' title='bbox 306 1464 343 1523; x_wconf 90' lang='lat' dir='ltr'>te,</span> <span class='ocrx_word' id='word_1_116' title='bbox 357 1453 448 1527; x_wconf 86' lang='lat' dir='ltr'>pridie</span> <span class='ocrx_word' id='word_1_117' title='bbox 463 1452 608 1510; x_wconf 86' lang='lat' dir='ltr'>Calendas</span> <span class='ocrx_word' id='word_1_118' title='bbox 622 1450 787 1521; x_wconf 78' lang='lat' dir='ltr'>lanuarias,</span> <span class='ocrx_word' id='word_1_119' title='bbox 801 1450 912 1526; x_wconf 89' lang='lat' dir='ltr'>Lepido</span> <span class='ocrx_word' id='word_1_120' title='bbox 931 1460 961 1507; x_wconf 91' lang='lat' dir='ltr'>et</span> <span class='ocrx_word' id='word_1_121' title='bbox 973 1449 1062 1507; x_wconf 81' lang='lat' dir='ltr'>Tullo</span> <span class='ocrx_word' id='word_1_122' title='bbox 1075 1469 1146 1507; x_wconf 89' lang='lat' dir='ltr'>con·</span> 
     </span>
     <span class='ocr_line' id='line_1_15' title="bbox 169 1529 1145 1601; baseline -0.005 -11"><span class='ocrx_word' id='word_1_123' title='bbox 169 1532 290 1601; x_wconf 89' lang='lat' dir='ltr'>sulibus,</span> <span class='ocrx_word' id='word_1_124' title='bbox 305 1532 416 1588; x_wconf 86' lang='lat' dir='ltr'>stetisse</span> <span class='ocrx_word' id='word_1_125' title='bbox 431 1532 461 1587; x_wconf 91' lang='lat' dir='ltr'>in</span> <span class='ocrx_word' id='word_1_126' title='bbox 478 1530 595 1589; x_wconf 88' lang='lat' dir='ltr'>comitio</span> <span class='ocrx_word' id='word_1_127' title='bbox 616 1548 682 1587; x_wconf 87' lang='lat' dir='ltr'>curn</span> <span class='ocrx_word' id='word_1_128' title='bbox 704 1530 781 1587; x_wconf 87' lang='lat' dir='ltr'>telol</span> <span class='ocrx_word' id='word_1_129' title='bbox 802 1549 930 1599; x_wconf 84' lang='lat' dir='ltr'>manum,</span> <span class='ocrx_word' id='word_1_130' title='bbox 944 1529 1095 1585; x_wconf 89' lang='lat' dir='ltr'>consulum</span> <span class='ocrx_word' id='word_1_131' title='bbox 1115 1538 1145 1585; x_wconf 87' lang='lat' dir='ltr'>et</span> 
     </span>
     <span class='ocr_line' id='line_1_16' title="bbox 168 1602 1197 1688; baseline -0.01 -21"><span class='ocrx_word' id='word_1_132' title='bbox 168 1611 331 1688; x_wconf 80' lang='lat' dir='ltr'>principum</span> <span class='ocrx_word' id='word_1_133' title='bbox 343 1610 466 1666; x_wconf 85' lang='lat' dir='ltr'>civitatis</span> <span class='ocrx_word' id='word_1_134' title='bbox 476 1609 739 1667; x_wconf 86' lang='lat' dir='ltr'>interficiendorum</span> <span class='ocrx_word' id='word_1_135' title='bbox 750 1608 849 1677; x_wconf 84' lang='lat' dir='ltr'>causti,</span> <span class='ocrx_word' id='word_1_136' title='bbox 862 1606 1005 1682; x_wconf 83' lang='lat' dir='ltr'>paravisse</span> <span class='ocrx_word' id='word_1_137' title='bbox 1016 1608 1028 1663; x_wconf 86' lang='lat' dir='ltr'>l</span> <span class='ocrx_word' id='word_1_138' title='bbox 1042 1607 1144 1663; x_wconf 87' lang='lat' dir='ltr'>sceleri</span> <span class='ocrx_word' id='word_1_139' title='bbox 1163 1602 1197 1657; x_wconf 84' lang='lat'>15</span> 
     </span>
     <span class='ocr_line' id='line_1_17' title="bbox 170 1685 1144 1761; baseline -0.005 -14"><span class='ocrx_word' id='word_1_140' title='bbox 170 1709 205 1747; x_wconf 93' lang='lat' dir='ltr'>ac</span> <span class='ocrx_word' id='word_1_141' title='bbox 221 1689 306 1746; x_wconf 88' lang='lat' dir='ltr'>furori</span> <span class='ocrx_word' id='word_1_142' title='bbox 328 1699 377 1745; x_wconf 90' lang='lat' dir='ltr'>tuo</span> <span class='ocrx_word' id='word_1_143' title='bbox 391 1708 449 1745; x_wconf 94' lang='lat' dir='ltr'>non</span> <span class='ocrx_word' id='word_1_144' title='bbox 465 1698 589 1745; x_wconf 89' lang='lat' dir='ltr'>mentem</span> <span class='ocrx_word' id='word_1_145' title='bbox 611 1687 746 1761; x_wconf 88' lang='lat' dir='ltr'>aliquam,</span> <span class='ocrx_word' id='word_1_146' title='bbox 761 1698 809 1743; x_wconf 90' lang='lat' dir='ltr'>ant</span> <span class='ocrx_word' id='word_1_147' title='bbox 829 1686 959 1743; x_wconf 85' lang='lat' dir='ltr'>timorem</span> <span class='ocrx_word' id='word_1_148' title='bbox 982 1697 1072 1756; x_wconf 88' lang='lat' dir='ltr'>tuum,</span> <span class='ocrx_word' id='word_1_149' title='bbox 1093 1685 1144 1742; x_wconf 86' lang='lat' dir='ltr'>sed</span> 
     </span>
     <span class='ocr_line' id='line_1_18' title="bbox 170 1765 1145 1841; baseline -0.004 -16"><span class='ocrx_word' id='word_1_150' title='bbox 170 1768 311 1825; x_wconf 84' lang='lat' dir='ltr'>fortunam</span> <span class='ocrx_word' id='word_1_151' title='bbox 327 1766 492 1841; x_wconf 77' lang='lat' dir='ltr'>reipublicae</span> <span class='ocrx_word' id='word_1_152' title='bbox 501 1766 664 1823; x_wconf 78' lang='lat' dir='ltr'>obstitisset</span> <span class='ocrx_word' id='word_1_153' title='bbox 706 1766 754 1823; x_wconf 85' lang='lat' dir='ltr'>Ac</span> <span class='ocrx_word' id='word_1_154' title='bbox 770 1765 831 1840; x_wconf 86' lang='lat' dir='ltr'>jam</span> <span class='ocrx_word' id='word_1_155' title='bbox 852 1765 901 1823; x_wconf 87' lang='lat' dir='ltr'>illa</span> <span class='ocrx_word' id='word_1_156' title='bbox 913 1765 1030 1823; x_wconf 88' lang='lat' dir='ltr'>omitto:</span> <span class='ocrx_word' id='word_1_157' title='bbox 1051 1783 1145 1839; x_wconf 87' lang='lat' dir='ltr'>neque</span> 
     </span>
     <span class='ocr_line' id='line_1_19' title="bbox 169 1843 1146 1920; baseline -0.002 -17"><span class='ocrx_word' id='word_1_158' title='bbox 169 1848 247 1903; x_wconf 89' lang='lat' dir='ltr'>euim</span> <span class='ocrx_word' id='word_1_159' title='bbox 262 1856 328 1902; x_wconf 89' lang='lat' dir='ltr'>sunt</span> <span class='ocrx_word' id='word_1_160' title='bbox 343 1846 394 1901; x_wconf 83' lang='lat' dir='ltr'>aul</span> <span class='ocrx_word' id='word_1_161' title='bbox 404 1846 537 1916; x_wconf 87' lang='lat' dir='ltr'>obscura,</span> <span class='ocrx_word' id='word_1_162' title='bbox 552 1856 601 1902; x_wconf 89' lang='lat' dir='ltr'>aut</span> <span class='ocrx_word' id='word_1_163' title='bbox 614 1864 672 1903; x_wconf 94' lang='lat' dir='ltr'>non</span> <span class='ocrx_word' id='word_1_164' title='bbox 684 1846 772 1903; x_wconf 89' lang='lat' dir='ltr'>multa</span> <span class='ocrx_word' id='word_1_165' title='bbox 783 1843 848 1920; x_wconf 78' lang='lat' dir='ltr'>prist</span> <span class='ocrx_word' id='word_1_166' title='bbox 861 1844 1022 1902; x_wconf 90' lang='lat' dir='ltr'>commissa.</span> <span class='ocrx_word' id='word_1_167' title='bbox 1062 1844 1146 1905; x_wconf 78' lang='lat' dir='ltr'>Quo-</span> 
     </span>
     <span class='ocr_line' id='line_1_20' title="bbox 170 1923 1145 1999; baseline -0.001 -19"><span class='ocrx_word' id='word_1_168' title='bbox 170 1926 225 1981; x_wconf 88' lang='lat' dir='ltr'>ties</span> <span class='ocrx_word' id='word_1_169' title='bbox 238 1934 269 1981; x_wconf 89' lang='lat' dir='ltr'>tu</span> <span class='ocrx_word' id='word_1_170' title='bbox 284 1943 330 1980; x_wconf 87' lang='lat' dir='ltr'>me</span> <span class='ocrx_word' id='word_1_171' title='bbox 344 1923 536 1999; x_wconf 87' lang='lat' dir='ltr'>designatum,</span> <span class='ocrx_word' id='word_1_172' title='bbox 549 1924 660 1999; x_wconf 89' lang='lat' dir='ltr'>quoties</span> <span class='ocrx_word' id='word_1_173' title='bbox 674 1925 834 1993; x_wconf 86' lang='lat' dir='ltr'>consulem,</span> <span class='ocrx_word' id='word_1_174' title='bbox 847 1924 1009 1981; x_wconf 85' lang='lat' dir='ltr'>interlicere</span> <span class='ocrx_word' id='word_1_175' title='bbox 1023 1936 1145 1980; x_wconf 88' lang='lat' dir='ltr'>conatus</span> 
     </span>
     <span class='ocr_line' id='line_1_21' title="bbox 169 1996 1197 2079; baseline 0.001 -21"><span class='ocrx_word' id='word_1_176' title='bbox 169 2003 223 2059; x_wconf 90' lang='lat' dir='ltr'>esl</span> <span class='ocrx_word' id='word_1_177' title='bbox 244 2014 312 2077; x_wconf 88' lang='lat' dir='ltr'>quot</span> <span class='ocrx_word' id='word_1_178' title='bbox 325 2021 380 2078; x_wconf 84' lang='lat' dir='ltr'>ego</span> <span class='ocrx_word' id='word_1_179' title='bbox 393 2013 458 2058; x_wconf 88' lang='lat' dir='ltr'>tuas</span> <span class='ocrx_word' id='word_1_180' title='bbox 472 2002 633 2078; x_wconf 87' lang='lat' dir='ltr'>petitiones,</span> <span class='ocrx_word' id='word_1_181' title='bbox 649 2003 688 2059; x_wconf 89' lang='lat' dir='ltr'>ita</span> <span class='ocrx_word' id='word_1_182' title='bbox 696 2004 844 2079; x_wconf 81' lang='lat' dir='ltr'>conjectas</span> <span class='ocrx_word' id='word_1_183' title='bbox 858 2014 889 2059; x_wconf 92' lang='lat' dir='ltr'>ut</span> <span class='ocrx_word' id='word_1_184' title='bbox 897 2002 980 2058; x_wconf 83' lang='lat' dir='ltr'>vitari</span> <span class='ocrx_word' id='word_1_185' title='bbox 992 2021 1049 2059; x_wconf 90' lang='lat' dir='ltr'>nou</span> <span class='ocrx_word' id='word_1_186' title='bbox 1061 2020 1143 2077; x_wconf 83' lang='lat' dir='ltr'>posse</span> <span class='ocrx_word' id='word_1_187' title='bbox 1160 1996 1197 2049; x_wconf 77' lang='lat'>2⁰</span> 
     </span>
     <span class='ocr_line' id='line_1_22' title="bbox 170 2080 1144 2158; baseline 0 -22"><span class='ocrx_word' id='word_1_188' title='bbox 170 2081 343 2149; x_wconf 87' lang='lat' dir='ltr'>viderentur,</span> <span class='ocrx_word' id='word_1_189' title='bbox 358 2080 445 2155; x_wconf 72' lang='lat' dir='ltr'>parvi</span> <span class='ocrx_word' id='word_1_190' title='bbox 458 2081 582 2156; x_wconf 71' lang='lat' dir='ltr'>quidam</span> <span class='ocrx_word' id='word_1_191' title='bbox 597 2080 838 2150; x_wconf 87' lang='lat' dir='ltr'>declinatione,et</span> <span class='ocrx_word' id='word_1_192' title='bbox 850 2080 895 2156; x_wconf 90' lang='lat' dir='ltr'>(ut</span> <span class='ocrx_word' id='word_1_193' title='bbox 910 2080 1004 2158; x_wconf 90' lang='lat' dir='ltr'>aiunt)</span> <span class='ocrx_word' id='word_1_194' title='bbox 1016 2098 1144 2154; x_wconf 84' lang='lat' dir='ltr'>corpore,</span> 
     </span>
     <span class='ocr_line' id='line_1_23' title="bbox 169 2158 1145 2236; baseline -0.002 -20"><span class='ocrx_word' id='word_1_195' title='bbox 169 2159 279 2236; x_wconf 83' lang='lat' dir='ltr'>effugii</span> <span class='ocrx_word' id='word_1_196' title='bbox 321 2158 402 2216; x_wconf 89' lang='lat' dir='ltr'>Nihil</span> <span class='ocrx_word' id='word_1_197' title='bbox 418 2159 490 2236; x_wconf 87' lang='lat' dir='ltr'>agis,</span> <span class='ocrx_word' id='word_1_198' title='bbox 505 2158 575 2216; x_wconf 89' lang='lat' dir='ltr'>nihil</span> <span class='ocrx_word' id='word_1_199' title='bbox 591 2159 760 2234; x_wconf 86' lang='lat' dir='ltr'>assequeris,</span> <span class='ocrx_word' id='word_1_200' title='bbox 775 2158 847 2217; x_wconf 89' lang='lat' dir='ltr'>nihil</span> <span class='ocrx_word' id='word_1_201' title='bbox 862 2158 979 2227; x_wconf 88' lang='lat' dir='ltr'>moliris,</span> <span class='ocrx_word' id='word_1_202' title='bbox 989 2158 1064 2234; x_wconf 90' lang='lat' dir='ltr'>quod</span> <span class='ocrx_word' id='word_1_203' title='bbox 1074 2158 1145 2215; x_wconf 91' lang='lat' dir='ltr'>mihi</span> 
     </span>
     <span class='ocr_line' id='line_1_24' title="bbox 171 2236 1144 2314; baseline -0.002 -19"><span class='ocrx_word' id='word_1_204' title='bbox 171 2239 259 2295; x_wconf 90' lang='lat' dir='ltr'>latere</span> <span class='ocrx_word' id='word_1_205' title='bbox 274 2237 366 2294; x_wconf 87' lang='lat' dir='ltr'>valeat</span> <span class='ocrx_word' id='word_1_206' title='bbox 375 2239 403 2294; x_wconf 94' lang='lat' dir='ltr'>in</span> <span class='ocrx_word' id='word_1_207' title='bbox 416 2249 560 2314; x_wconf 89' lang='lat' dir='ltr'>tempore:</span> <span class='ocrx_word' id='word_1_208' title='bbox 575 2257 668 2312; x_wconf 90' lang='lat' dir='ltr'>neque</span> <span class='ocrx_word' id='word_1_209' title='bbox 678 2249 775 2296; x_wconf 88' lang='lat' dir='ltr'>tamen</span> <span class='ocrx_word' id='word_1_210' title='bbox 787 2237 885 2296; x_wconf 90' lang='lat' dir='ltr'>conari</span> <span class='ocrx_word' id='word_1_211' title='bbox 894 2257 929 2294; x_wconf 92' lang='lat' dir='ltr'>ac</span> <span class='ocrx_word' id='word_1_212' title='bbox 939 2237 1010 2293; x_wconf 86' lang='lat' dir='ltr'>velle</span> <span class='ocrx_word' id='word_1_213' title='bbox 1021 2236 1144 2294; x_wconf 85' lang='lat' dir='ltr'>desistis.</span> 
     </span>
     <span class='ocr_line' id='line_1_25' title="bbox 171 2315 1146 2391; baseline -0.007 -13"><span class='ocrx_word' id='word_1_214' title='bbox 171 2317 297 2378; x_wconf 79' lang='lat' dir='ltr'>Quoties</span> <span class='ocrx_word' id='word_1_215' title='bbox 309 2315 368 2391; x_wconf 89' lang='lat' dir='ltr'>jam</span> <span class='ocrx_word' id='word_1_216' title='bbox 383 2316 435 2374; x_wconf 92' lang='lat' dir='ltr'>tibi</span> <span class='ocrx_word' id='word_1_217' title='bbox 449 2325 561 2373; x_wconf 81' lang='lat' dir='ltr'>extorta</span> <span class='ocrx_word' id='word_1_218' title='bbox 581 2326 625 2372; x_wconf 88' lang='lat' dir='ltr'>est</span> <span class='ocrx_word' id='word_1_219' title='bbox 645 2316 707 2373; x_wconf 88' lang='lat' dir='ltr'>sica</span> <span class='ocrx_word' id='word_1_220' title='bbox 727 2315 782 2374; x_wconf 87' lang='lat' dir='ltr'>ista</span> <span class='ocrx_word' id='word_1_221' title='bbox 801 2316 838 2374; x_wconf 88' lang='lat' dir='ltr'>de</span> <span class='ocrx_word' id='word_1_222' title='bbox 858 2316 1014 2372; x_wconf 84' lang='lat' dir='ltr'>manibusl</span> <span class='ocrx_word' id='word_1_223' title='bbox 1034 2315 1146 2390; x_wconf 88' lang='lat' dir='ltr'>quoties</span> 
     </span>
     <span class='ocr_line' id='line_1_26' title="bbox 169 2393 1198 2470; baseline 0.002 -20"><span class='ocrx_word' id='word_1_224' title='bbox 169 2393 238 2452; x_wconf 80' lang='lat' dir='ltr'>vero</span> <span class='ocrx_word' id='word_1_225' title='bbox 253 2395 361 2453; x_wconf 85' lang='lat' dir='ltr'>excidit</span> <span class='ocrx_word' id='word_1_226' title='bbox 374 2414 445 2452; x_wconf 90' lang='lat' dir='ltr'>casu</span> <span class='ocrx_word' id='word_1_227' title='bbox 470 2395 574 2470; x_wconf 91' lang='lat' dir='ltr'>aliquo,</span> <span class='ocrx_word' id='word_1_228' title='bbox 588 2405 616 2452; x_wconf 92' lang='lat' dir='ltr'>et</span> <span class='ocrx_word' id='word_1_229' title='bbox 642 2394 740 2468; x_wconf 88' lang='lat' dir='ltr'>elapsa</span> <span class='ocrx_word' id='word_1_230' title='bbox 753 2397 817 2453; x_wconf 85' lang='lat' dir='ltr'>esti</span> <span class='ocrx_word' id='word_1_231' title='bbox 858 2393 973 2451; x_wconf 87' lang='lat' dir='ltr'>Tamen</span> <span class='ocrx_word' id='word_1_232' title='bbox 987 2395 1023 2452; x_wconf 82' lang='lat' dir='ltr'>eti</span> <span class='ocrx_word' id='word_1_233' title='bbox 1047 2413 1145 2451; x_wconf 90' lang='lat' dir='ltr'>carere</span> <span class='ocrx_word' id='word_1_234' title='bbox 1161 2399 1198 2452; x_wconf 70' lang='lat'>25</span> 
     </span>
     <span class='ocr_line' id='line_1_27' title="bbox 170 2471 1146 2549; baseline 0.001 -19"><span class='ocrx_word' id='word_1_235' title='bbox 170 2471 280 2530; x_wconf 77' lang='lat' dir='ltr'>diutius</span> <span class='ocrx_word' id='word_1_236' title='bbox 295 2493 352 2530; x_wconf 92' lang='lat' dir='ltr'>non</span> <span class='ocrx_word' id='word_1_237' title='bbox 367 2483 463 2549; x_wconf 88' lang='lat' dir='ltr'>potes:</span> <span class='ocrx_word' id='word_1_238' title='bbox 484 2493 547 2548; x_wconf 85' lang='lat' dir='ltr'>quae</span> <span class='ocrx_word' id='word_1_239' title='bbox 561 2472 675 2549; x_wconf 90' lang='lat' dir='ltr'>quidem</span> <span class='ocrx_word' id='word_1_240' title='bbox 690 2475 795 2548; x_wconf 88' lang='lat' dir='ltr'>quibus</span> <span class='ocrx_word' id='word_1_241' title='bbox 809 2476 860 2531; x_wconf 83' lang='lat' dir='ltr'>aba</span> <span class='ocrx_word' id='word_1_242' title='bbox 874 2483 902 2531; x_wconf 91' lang='lat' dir='ltr'>te</span> <span class='ocrx_word' id='word_1_243' title='bbox 923 2474 1035 2532; x_wconf 88' lang='lat' dir='ltr'>initiata</span> <span class='ocrx_word' id='word_1_244' title='bbox 1055 2474 1146 2532; x_wconf 90' lang='lat' dir='ltr'>sacris</span> 
     </span>
     <span class='ocr_line' id='line_1_28' title="bbox 171 2550 1145 2630; baseline 0.003 -22"><span class='ocrx_word' id='word_1_245' title='bbox 171 2570 206 2608; x_wconf 87' lang='lat' dir='ltr'>ac</span> <span class='ocrx_word' id='word_1_246' title='bbox 221 2553 322 2609; x_wconf 85' lang='lat' dir='ltr'>devota</span> <span class='ocrx_word' id='word_1_247' title='bbox 335 2552 382 2622; x_wconf 92' lang='lat' dir='ltr'>sit,</span> <span class='ocrx_word' id='word_1_248' title='bbox 404 2552 513 2622; x_wconf 90' lang='lat' dir='ltr'>nescio,</span> <span class='ocrx_word' id='word_1_249' title='bbox 537 2550 613 2627; x_wconf 82' lang='lat' dir='ltr'>qudd</span> <span class='ocrx_word' id='word_1_250' title='bbox 635 2571 701 2610; x_wconf 90' lang='lat' dir='ltr'>eam</span> <span class='ocrx_word' id='word_1_251' title='bbox 724 2573 844 2611; x_wconf 85' lang='lat' dir='ltr'>necesse</span> <span class='ocrx_word' id='word_1_252' title='bbox 864 2564 948 2630; x_wconf 88' lang='lat' dir='ltr'>putas</span> <span class='ocrx_word' id='word_1_253' title='bbox 967 2553 1094 2611; x_wconf 88' lang='lat' dir='ltr'>consulis</span> <span class='ocrx_word' id='word_1_254' title='bbox 1114 2554 1145 2611; x_wconf 91' lang='lat' dir='ltr'>in</span> 
     </span>
     <span class='ocr_line' id='line_1_29' title="bbox 170 2630 438 2706; baseline 0 -20"><span class='ocrx_word' id='word_1_255' title='bbox 170 2648 290 2704; x_wconf 89' lang='lat' dir='ltr'>corpore</span> <span class='ocrx_word' id='word_1_256' title='bbox 304 2630 438 2706; x_wconf 85' lang='lat' dir='ltr'>deligere.</span> 
     </span>
     <span class='ocr_line' id='line_1_30' title="bbox 211 2706 1145 2786; baseline 0.004 -22"><span class='ocrx_word' id='word_1_257' title='bbox 211 2707 280 2764; x_wconf 87' lang='lat' dir='ltr'>Vll.</span> <span class='ocrx_word' id='word_1_258' title='bbox 303 2707 392 2765; x_wconf 91' lang='lat' dir='ltr'>Nunc</span> <span class='ocrx_word' id='word_1_259' title='bbox 417 2706 495 2779; x_wconf 80' lang='lat' dir='ltr'>verti,</span> <span class='ocrx_word' id='word_1_260' title='bbox 519 2728 581 2784; x_wconf 75' lang='lat' dir='ltr'>quar</span> <span class='ocrx_word' id='word_1_261' title='bbox 605 2719 653 2767; x_wconf 90' lang='lat' dir='ltr'>tua</span> <span class='ocrx_word' id='word_1_262' title='bbox 674 2721 718 2768; x_wconf 88' lang='lat' dir='ltr'>est</span> <span class='ocrx_word' id='word_1_263' title='bbox 737 2710 792 2769; x_wconf 88' lang='lat' dir='ltr'>ista</span> <span class='ocrx_word' id='word_1_264' title='bbox 814 2710 896 2769; x_wconf 81' lang='lat' dir='ltr'>vital</span> <span class='ocrx_word' id='word_1_265' title='bbox 923 2710 966 2768; x_wconf 88' lang='lat' dir='ltr'>sic</span> <span class='ocrx_word' id='word_1_266' title='bbox 987 2711 1065 2768; x_wconf 88' lang='lat' dir='ltr'>enim</span> <span class='ocrx_word' id='word_1_267' title='bbox 1084 2711 1145 2786; x_wconf 86' lang='lat' dir='ltr'>jam</span> 
     </span>
     <span class='ocr_line' id='line_1_31' title="bbox 146 2786 1199 2865; baseline 0.013 -27"><span class='ocrx_word' id='word_1_268' title='bbox 146 2831 150 2838; x_wconf 94' lang='lat'><em>.</em></span> <span class='ocrx_word' id='word_1_269' title='bbox 170 2799 267 2845; x_wconf 89' lang='lat' dir='ltr'>tecum</span> <span class='ocrx_word' id='word_1_270' title='bbox 283 2786 390 2862; x_wconf 87' lang='lat' dir='ltr'>loquar,</span> <span class='ocrx_word' id='word_1_271' title='bbox 405 2807 463 2844; x_wconf 88' lang='lat' dir='ltr'>non</span> <span class='ocrx_word' id='word_1_272' title='bbox 477 2801 509 2845; x_wconf 90' lang='lat' dir='ltr'>ut</span> <span class='ocrx_word' id='word_1_273' title='bbox 521 2789 587 2846; x_wconf 91' lang='lat' dir='ltr'>odio</span> <span class='ocrx_word' id='word_1_274' title='bbox 600 2801 746 2864; x_wconf 85' lang='lat' dir='ltr'>permotus</span> <span class='ocrx_word' id='word_1_275' title='bbox 768 2809 831 2848; x_wconf 88' lang='lat' dir='ltr'>esse</span> <span class='ocrx_word' id='word_1_276' title='bbox 846 2789 953 2860; x_wconf 83' lang='lat' dir='ltr'>ridear,</span> <span class='ocrx_word' id='word_1_277' title='bbox 966 2809 1023 2865; x_wconf 90' lang='lat' dir='ltr'>quo</span> <span class='ocrx_word' id='word_1_278' title='bbox 1043 2791 1144 2861; x_wconf 89' lang='lat' dir='ltr'>debeo,</span> <span class='ocrx_word' id='word_1_279' title='bbox 1161 2797 1199 2852; x_wconf 78' lang='lat'>30</span> 
     </span>
     <span class='ocr_line' id='line_1_32' title="bbox 171 2865 1146 2943; baseline 0.005 -23"><span class='ocrx_word' id='word_1_280' title='bbox 171 2865 221 2920; x_wconf 89' lang='lat' dir='ltr'>sed</span> <span class='ocrx_word' id='word_1_281' title='bbox 243 2874 275 2921; x_wconf 93' lang='lat' dir='ltr'>ut</span> <span class='ocrx_word' id='word_1_282' title='bbox 295 2865 501 2936; x_wconf 67' lang='lat' dir='ltr'>misericordii,</span> <span class='ocrx_word' id='word_1_283' title='bbox 516 2887 579 2940; x_wconf 72' lang='lat' dir='ltr'>quar</span> <span class='ocrx_word' id='word_1_284' title='bbox 600 2867 652 2924; x_wconf 88' lang='lat' dir='ltr'>tibi</span> <span class='ocrx_word' id='word_1_285' title='bbox 673 2868 752 2924; x_wconf 90' lang='lat' dir='ltr'>nulla</span> <span class='ocrx_word' id='word_1_286' title='bbox 772 2869 900 2926; x_wconf 89' lang='lat' dir='ltr'>debetur.</span> <span class='ocrx_word' id='word_1_287' title='bbox 942 2868 1056 2924; x_wconf 90' lang='lat' dir='ltr'>Venisti</span> <span class='ocrx_word' id='word_1_288' title='bbox 1077 2887 1146 2943; x_wconf 91' lang='lat' dir='ltr'>pan·</span> 
     </span>
     <span class='ocr_line' id='line_1_33' title="bbox 170 2941 1147 3020; baseline 0.005 -22"><span class='ocrx_word' id='word_1_289' title='bbox 170 2941 199 2998; x_wconf 92' lang='lat' dir='ltr'>lo</span> <span class='ocrx_word' id='word_1_290' title='bbox 214 2941 280 2998; x_wconf 76' lang='lat' dir='ltr'>antei</span> <span class='ocrx_word' id='word_1_291' title='bbox 297 2943 325 2998; x_wconf 92' lang='lat' dir='ltr'>in</span> <span class='ocrx_word' id='word_1_292' title='bbox 349 2954 488 3000; x_wconf 88' lang='lat' dir='ltr'>senatum.</span> <span class='ocrx_word' id='word_1_293' title='bbox 529 2945 607 3006; x_wconf 81' lang='lat' dir='ltr'>Quis</span> <span class='ocrx_word' id='word_1_294' title='bbox 628 2955 667 3016; x_wconf 90' lang='lat' dir='ltr'>te,</span> <span class='ocrx_word' id='word_1_295' title='bbox 688 2965 725 3002; x_wconf 84' lang='lat' dir='ltr'>ex</span> <span class='ocrx_word' id='word_1_296' title='bbox 746 2947 803 3003; x_wconf 82' lang='lat' dir='ltr'>htic</span> <span class='ocrx_word' id='word_1_297' title='bbox 824 2946 905 3002; x_wconf 75' lang='lat' dir='ltr'>tanti</span> <span class='ocrx_word' id='word_1_298' title='bbox 920 2945 1089 3020; x_wconf 72' lang='lat' dir='ltr'>frequentid,</span> <span class='ocrx_word' id='word_1_299' title='bbox 1109 2965 1147 3003; x_wconf 81' lang='lat' dir='ltr'>en</span> 
     </span>
     <span class='ocr_line' id='line_1_34' title="bbox 171 3021 1148 3098; baseline 0.002 -20"><span class='ocrx_word' id='word_1_300' title='bbox 171 3030 212 3078; x_wconf 87' lang='lat' dir='ltr'>tot</span> <span class='ocrx_word' id='word_1_301' title='bbox 227 3021 283 3076; x_wconf 91' lang='lat' dir='ltr'>tuis</span> <span class='ocrx_word' id='word_1_302' title='bbox 297 3021 398 3078; x_wconf 90' lang='lat' dir='ltr'>amicis</span> <span class='ocrx_word' id='word_1_303' title='bbox 413 3040 447 3078; x_wconf 90' lang='lat' dir='ltr'>ac</span> <span class='ocrx_word' id='word_1_304' title='bbox 461 3023 642 3093; x_wconf 87' lang='lat' dir='ltr'>necessariis,</span> <span class='ocrx_word' id='word_1_305' title='bbox 657 3023 809 3079; x_wconf 83' lang='lat' dir='ltr'>salutavitl</span> <span class='ocrx_word' id='word_1_306' title='bbox 850 3024 883 3079; x_wconf 88' lang='lat' dir='ltr'>Si</span> <span class='ocrx_word' id='word_1_307' title='bbox 899 3023 964 3092; x_wconf 87' lang='lat' dir='ltr'>hoc,</span> <span class='ocrx_word' id='word_1_308' title='bbox 975 3033 1038 3098; x_wconf 90' lang='lat' dir='ltr'>post</span> <span class='ocrx_word' id='word_1_309' title='bbox 1056 3023 1148 3080; x_wconf 89' lang='lat' dir='ltr'>homi-</span> 
     </span>
     <span class='ocr_line' id='line_1_35' title="bbox 171 3100 1147 3176; baseline 0.004 -22"><span class='ocrx_word' id='word_1_310' title='bbox 171 3117 241 3155; x_wconf 92' lang='lat' dir='ltr'>num</span> <span class='ocrx_word' id='word_1_311' title='bbox 257 3100 432 3170; x_wconf 84' lang='lat' dir='ltr'>memoriam,</span> <span class='ocrx_word' id='word_1_312' title='bbox 447 3101 568 3176; x_wconf 84' lang='lat' dir='ltr'>contigit</span> <span class='ocrx_word' id='word_1_313' title='bbox 582 3100 702 3171; x_wconf 89' lang='lat' dir='ltr'>nemini,</span> <span class='ocrx_word' id='word_1_314' title='bbox 718 3100 796 3157; x_wconf 87' lang='lat' dir='ltr'>vocis</span> <span class='ocrx_word' id='word_1_315' title='bbox 809 3111 960 3174; x_wconf 86' lang='lat' dir='ltr'>exspectas</span> <span class='ocrx_word' id='word_1_316' title='bbox 978 3101 1147 3158; x_wconf 89' lang='lat' dir='ltr'>contumeli-</span> 
     </span>
     <span class='ocr_line' id='line_1_36' title="bbox 173 3175 1198 3254; baseline 0.003 -23"><span class='ocrx_word' id='word_1_317' title='bbox 173 3194 229 3245; x_wconf 90' lang='lat' dir='ltr'>am,</span> <span class='ocrx_word' id='word_1_318' title='bbox 257 3175 324 3232; x_wconf 84' lang='lat' dir='ltr'>crim</span> <span class='ocrx_word' id='word_1_319' title='bbox 346 3177 385 3232; x_wconf 87' lang='lat' dir='ltr'>sis</span> <span class='ocrx_word' id='word_1_320' title='bbox 415 3179 582 3254; x_wconf 86' lang='lat' dir='ltr'>gravissimo</span> <span class='ocrx_word' id='word_1_321' title='bbox 607 3178 719 3253; x_wconf 86' lang='lat' dir='ltr'>judicio</span> <span class='ocrx_word' id='word_1_322' title='bbox 747 3178 952 3236; x_wconf 85' lang='lat' dir='ltr'>taciturnitatis</span> <span class='ocrx_word' id='word_1_323' title='bbox 970 3182 1145 3254; x_wconf 83' lang='lat' dir='ltr'>oppressus&#39;l</span> <span class='ocrx_word' id='word_1_324' title='bbox 1162 3181 1198 3234; x_wconf 80' lang='lat'>35</span> 
     </span>
     <span class='ocr_line' id='line_1_37' title="bbox 170 3253 1145 3334; baseline 0 -19"><span class='ocrx_word' id='word_1_325' title='bbox 170 3254 263 3324; x_wconf 81' lang='lat' dir='ltr'>Quid,</span> <span class='ocrx_word' id='word_1_326' title='bbox 277 3253 354 3330; x_wconf 78' lang='lat' dir='ltr'>quaid</span> <span class='ocrx_word' id='word_1_327' title='bbox 368 3255 491 3313; x_wconf 87' lang='lat' dir='ltr'>adventu</span> <span class='ocrx_word' id='word_1_328' title='bbox 505 3268 556 3313; x_wconf 90' lang='lat' dir='ltr'>tuo</span> <span class='ocrx_word' id='word_1_329' title='bbox 567 3256 620 3313; x_wconf 88' lang='lat' dir='ltr'>ista</span> <span class='ocrx_word' id='word_1_330' title='bbox 634 3257 771 3315; x_wconf 89' lang='lat' dir='ltr'>subsellia</span> <span class='ocrx_word' id='word_1_331' title='bbox 785 3257 954 3315; x_wconf 85' lang='lat' dir='ltr'>vacuefacta</span> <span class='ocrx_word' id='word_1_332' title='bbox 967 3260 1054 3316; x_wconf 85' lang='lat' dir='ltr'>suntl</span> <span class='ocrx_word' id='word_1_333' title='bbox 1068 3257 1145 3334; x_wconf 74' lang='lat' dir='ltr'>quaid</span> 
     </span>
     <span class='ocr_line' id='line_1_38' title="bbox 170 3333 1146 3412; baseline 0.006 -25"><span class='ocrx_word' id='word_1_334' title='bbox 170 3350 271 3388; x_wconf 86' lang='lat' dir='ltr'>ornnes</span> <span class='ocrx_word' id='word_1_335' title='bbox 302 3333 478 3404; x_wconf 89' lang='lat' dir='ltr'>consulares,</span> <span class='ocrx_word' id='word_1_336' title='bbox 505 3335 554 3409; x_wconf 90' lang='lat' dir='ltr'>qui</span> <span class='ocrx_word' id='word_1_337' title='bbox 581 3335 633 3392; x_wconf 88' lang='lat' dir='ltr'>tibi</span> <span class='ocrx_word' id='word_1_338' title='bbox 653 3333 781 3412; x_wconf 83' lang='lat' dir='ltr'>persaepe</span> <span class='ocrx_word' id='word_1_339' title='bbox 809 3337 845 3393; x_wconf 87' lang='lat' dir='ltr'>ad</span> <span class='ocrx_word' id='word_1_340' title='bbox 865 3338 975 3394; x_wconf 68' lang='lat' dir='ltr'>caedem</span> <span class='ocrx_word' id='word_1_341' title='bbox 996 3338 1146 3395; x_wconf 89' lang='lat' dir='ltr'>constituti</span> 
     </span>
     <span class='ocr_line' id='line_1_39' title="bbox 172 3409 1145 3491; baseline 0.005 -26"><span class='ocrx_word' id='word_1_342' title='bbox 172 3409 297 3480; x_wconf 88' lang='lat' dir='ltr'>suerunt,</span> <span class='ocrx_word' id='word_1_343' title='bbox 322 3412 405 3468; x_wconf 91' lang='lat' dir='ltr'>simul</span> <span class='ocrx_word' id='word_1_344' title='bbox 431 3427 515 3487; x_wconf 87' lang='lat' dir='ltr'>atque</span> <span class='ocrx_word' id='word_1_345' title='bbox 537 3413 678 3486; x_wconf 87' lang='lat' dir='ltr'>assedisti,</span> <span class='ocrx_word' id='word_1_346' title='bbox 703 3427 813 3491; x_wconf 90' lang='lat' dir='ltr'>partem</span> <span class='ocrx_word' id='word_1_347' title='bbox 837 3414 920 3472; x_wconf 88' lang='lat' dir='ltr'>istam</span> <span class='ocrx_word' id='word_1_348' title='bbox 945 3416 1145 3473; x_wconf 82' lang='lat' dir='ltr'>subselliorum</span> 
     </span>
     <span class='ocr_line' id='line_1_40' title="bbox 171 3488 1145 3566; baseline 0.008 -24"><span class='ocrx_word' id='word_1_349' title='bbox 171 3488 277 3544; x_wconf 89' lang='lat' dir='ltr'>nudam</span> <span class='ocrx_word' id='word_1_350' title='bbox 293 3499 376 3564; x_wconf 86' lang='lat' dir='ltr'>atque</span> <span class='ocrx_word' id='word_1_351' title='bbox 391 3489 506 3548; x_wconf 89' lang='lat' dir='ltr'>inanem</span> <span class='ocrx_word' id='word_1_352' title='bbox 521 3492 719 3566; x_wconf 83' lang='lat' dir='ltr'>reliqueruntl</span> <span class='ocrx_word' id='word_1_353' title='bbox 757 3493 829 3556; x_wconf 79' lang='lat' dir='ltr'>Quo</span> <span class='ocrx_word' id='word_1_354' title='bbox 842 3495 959 3551; x_wconf 87' lang='lat' dir='ltr'>tandem</span> <span class='ocrx_word' id='word_1_355' title='bbox 979 3494 1076 3552; x_wconf 91' lang='lat' dir='ltr'>animo</span> <span class='ocrx_word' id='word_1_356' title='bbox 1090 3494 1145 3550; x_wconf 93' lang='lat' dir='ltr'>hoc</span> 
     </span>
     <span class='ocr_line' id='line_1_41' title="bbox 169 3565 1198 3651; baseline 0.008 -29"><span class='ocrx_word' id='word_1_357' title='bbox 169 3566 221 3622; x_wconf 90' lang='lat' dir='ltr'>tibi</span> <span class='ocrx_word' id='word_1_358' title='bbox 243 3565 391 3624; x_wconf 85' lang='lat' dir='ltr'>ferendum</span> <span class='ocrx_word' id='word_1_359' title='bbox 419 3571 522 3644; x_wconf 85' lang='lat' dir='ltr'>putaal</span> <span class='ocrx_word' id='word_1_360' title='bbox 569 3571 650 3628; x_wconf 86' lang='lat' dir='ltr'>Servi</span> <span class='ocrx_word' id='word_1_361' title='bbox 679 3572 873 3651; x_wconf 85' lang='lat' dir='ltr'>(mehercule)</span> <span class='ocrx_word' id='word_1_362' title='bbox 902 3573 959 3629; x_wconf 89' lang='lat' dir='ltr'>mei</span> <span class='ocrx_word' id='word_1_363' title='bbox 979 3571 1004 3628; x_wconf 88' lang='lat' dir='ltr'>si</span> <span class='ocrx_word' id='word_1_364' title='bbox 1024 3591 1070 3629; x_wconf 87' lang='lat' dir='ltr'>me</span> <span class='ocrx_word' id='word_1_365' title='bbox 1092 3571 1145 3630; x_wconf 92' lang='lat' dir='ltr'>isto</span> <span class='ocrx_word' id='word_1_366' title='bbox 1162 3569 1198 3624; x_wconf 80' lang='grc'>40</span> 
     </span>
     <span class='ocr_line' id='line_1_42' title="bbox 171 3650 1145 3719; baseline 0.01 -21"><span class='ocrx_word' id='word_1_367' title='bbox 171 3653 255 3718; x_wconf 87' lang='lat' dir='ltr'>pacto</span> <span class='ocrx_word' id='word_1_368' title='bbox 281 3657 453 3716; x_wconf 87' lang='lat' dir='ltr'>metuerent,</span> <span class='ocrx_word' id='word_1_369' title='bbox 479 3658 510 3704; x_wconf 91' lang='lat' dir='ltr'>ut</span> <span class='ocrx_word' id='word_1_370' title='bbox 529 3660 558 3706; x_wconf 86' lang='lat' dir='ltr'>te</span> <span class='ocrx_word' id='word_1_371' title='bbox 578 3661 710 3707; x_wconf 89' lang='lat' dir='ltr'>metuunt</span> <span class='ocrx_word' id='word_1_372' title='bbox 731 3671 832 3708; x_wconf 89' lang='lat' dir='ltr'>omnes</span> <span class='ocrx_word' id='word_1_373' title='bbox 852 3651 930 3706; x_wconf 85' lang='lat' dir='ltr'>cives</span> <span class='ocrx_word' id='word_1_374' title='bbox 953 3650 1006 3719; x_wconf 91' lang='lat' dir='ltr'>tui,</span> <span class='ocrx_word' id='word_1_375' title='bbox 1028 3651 1145 3708; x_wconf 86' lang='lat' dir='ltr'>domurn</span> 
     </span>
     <span class='ocr_line' id='line_1_43' title="bbox 170 3723 1144 3800; baseline 0.01 -23"><span class='ocrx_word' id='word_1_376' title='bbox 170 3739 262 3778; x_wconf 89' lang='lat' dir='ltr'>meam</span> <span class='ocrx_word' id='word_1_377' title='bbox 277 3723 493 3798; x_wconf 85' lang='lat' dir='ltr'>relinquendam</span> <span class='ocrx_word' id='word_1_378' title='bbox 509 3738 657 3800; x_wconf 88' lang='lat' dir='ltr'>putarem:</span> <span class='ocrx_word' id='word_1_379' title='bbox 678 3739 710 3786; x_wconf 91' lang='lat' dir='ltr'>tu</span> <span class='ocrx_word' id='word_1_380' title='bbox 724 3729 775 3785; x_wconf 91' lang='lat' dir='ltr'>tibi</span> <span class='ocrx_word' id='word_1_381' title='bbox 790 3729 889 3786; x_wconf 85' lang='lat' dir='ltr'>urbem</span> <span class='ocrx_word' id='word_1_382' title='bbox 905 3747 962 3785; x_wconf 94' lang='lat' dir='ltr'>non</span> <span class='ocrx_word' id='word_1_383' title='bbox 978 3730 1144 3788; x_wconf 85' lang='lat' dir='ltr'>arbitrarisi</span> 
     </span>
     <span class='ocr_line' id='line_1_44' title="bbox 171 3798 1143 3884; baseline 0.012 -30"><span class='ocrx_word' id='word_1_384' title='bbox 171 3798 217 3868; x_wconf 80' lang='lat' dir='ltr'>Et,</span> <span class='ocrx_word' id='word_1_385' title='bbox 232 3801 256 3856; x_wconf 91' lang='lat' dir='ltr'>si</span> <span class='ocrx_word' id='word_1_386' title='bbox 271 3819 317 3857; x_wconf 88' lang='lat' dir='ltr'>me</span> <span class='ocrx_word' id='word_1_387' title='bbox 331 3803 403 3859; x_wconf 90' lang='lat' dir='ltr'>meis</span> <span class='ocrx_word' id='word_1_388' title='bbox 418 3803 529 3862; x_wconf 89' lang='lat' dir='ltr'>civibus</span> <span class='ocrx_word' id='word_1_389' title='bbox 543 3804 648 3880; x_wconf 67' lang='lat' dir='ltr'>injurii</span> <span class='ocrx_word' id='word_1_390' title='bbox 662 3817 827 3882; x_wconf 83' lang='lat' dir='ltr'>suspectum</span> <span class='ocrx_word' id='word_1_391' title='bbox 843 3816 901 3863; x_wconf 92' lang='lat' dir='ltr'>tam</span> <span class='ocrx_word' id='word_1_392' title='bbox 920 3809 1044 3884; x_wconf 84' lang='lat' dir='ltr'>graviter</span> <span class='ocrx_word' id='word_1_393' title='bbox 1060 3822 1143 3883; x_wconf 89' lang='lat' dir='ltr'>atque</span> 
     </span>
    </p>
   </div>
   <div class='ocr_carea' id='block_1_5' title="bbox 76 3877 1144 3962">
    <p class='ocr_par' dir='ltr' id='par_1_5' title="bbox 76 3877 1144 3962">
     <span class='ocr_line' id='line_1_45' title="bbox 76 3877 1144 3962; baseline 0.011 -30"><span class='ocrx_word' id='word_1_394' title='bbox 76 3883 79 3890; x_wconf 66' lang='lat'><strong>⁴</strong></span> <span class='ocrx_word' id='word_1_395' title='bbox 167 3877 309 3936; x_wconf 82' lang='lat' dir='ltr'>offensum</span> <span class='ocrx_word' id='word_1_396' title='bbox 325 3879 467 3954; x_wconf 85' lang='lat' dir='ltr'>riderem;</span> <span class='ocrx_word' id='word_1_397' title='bbox 490 3902 588 3942; x_wconf 83' lang='lat' dir='ltr'>carere</span> <span class='ocrx_word' id='word_1_398' title='bbox 597 3904 643 3942; x_wconf 90' lang='lat' dir='ltr'>me</span> <span class='ocrx_word' id='word_1_399' title='bbox 658 3885 795 3961; x_wconf 88' lang='lat' dir='ltr'>adspectu</span> <span class='ocrx_word' id='word_1_400' title='bbox 806 3885 923 3958; x_wconf 83' lang='lat' dir='ltr'>civium,</span> <span class='ocrx_word' id='word_1_401' title='bbox 932 3885 1018 3962; x_wconf 80' lang='lat' dir='ltr'>quaim</span> <span class='ocrx_word' id='word_1_402' title='bbox 1033 3887 1144 3946; x_wconf 78' lang='lat' dir='ltr'>infestis</span> 
     </span>
    </p>
   </div>
   <div class='ocr_carea' id='block_1_6' title="bbox 0 0 1397 4425">
    <p class='ocr_par' dir='ltr' id='par_1_6' title="bbox 0 0 1397 4425">
     <span class='ocr_line' id='line_1_46' title="bbox 0 0 1397 4425; baseline 0 0"><span class='ocrx_word' id='word_1_403' title='bbox 0 0 1397 4425; x_wconf 95' lang='lat' dir='ltr'> </span> 
     </span>
    </p>
   </div>
  </div>
 </body>
</html>
