2775 4425
371 321 506 390 ortano
528 342 597 392 ruo
619 343 650 392 r.
673 343 787 393 sunio
809 343 959 394 ursona.
1151 347 1209 406 loa

168 486 384 545 assensionibus
398 485 523 544 universi
536 485 662 544 ordinis!
684 485 770 562 quam
795 507 851 546 nec
872 487 978 558 tacitis,
993 505 1049 546 nec
1061 487 1159 546 occul·

167 566 222 625 tisl
265 565 396 628 Quando
409 565 496 635 euim,
512 565 741 640 frequentissimo
760 578 872 637 senatu,
887 579 1018 641 quatuor,
1033 567 1160 624 adsum·

167 664 247 702 mum
263 645 400 718 quinque,
414 653 480 701 sunt
495 644 612 714 inventi,
635 645 683 720 qui
708 645 825 702 Milonis
847 663 965 702 causam
989 665 1045 703 non
1059 645 1159 722 proba·

168 725 252 782 rentl
294 722 453 779 Declarant
467 723 551 797 hujus
565 722 689 779 ambusti
699 723 807 780 tribuni
822 724 913 800 plebis
937 724 992 782 illre
1011 723 1159 782 intermor-

168 813 225 860 tuae
247 802 413 871 conciones,
441 801 544 876 quibus
571 801 699 874 quotidie
720 820 813 859 meam
833 803 990 878 potentiam
1018 801 1157 860 invidiose
1188 807 1207 860 5

169 881 387 950 criminabatur,
403 877 469 936 oiim
484 879 603 950 diceret,
624 890 767 950 senatum,
781 899 838 938 non
860 881 936 955 quod
958 881 1087 952 sentiret,
1107 882 1159 940 sed

168 961 243 1036 quod
266 979 321 1035 ego
342 958 454 1028 vellem,
476 958 640 1016 decernere.
681 957 759 1020 Quae
780 959 897 1035 quidem
919 959 944 1016 si
968 960 1095 1036 potentia
1115 970 1159 1018 est

170 1038 340 1115 appellanda
366 1035 469 1112 potiris,
497 1035 594 1110 qudm,
621 1047 734 1113 propter
761 1057 867 1114 magna
893 1038 923 1096 in
950 1038 1157 1114 rempublicam

169 1117 281 1186 merita,
296 1114 450 1172 mediocris
464 1115 492 1173 in
508 1115 590 1173 bonis
604 1114 700 1172 causis
721 1117 886 1188 auctoritas,
901 1127 959 1188 aut,
973 1129 1085 1194 propter
1107 1117 1158 1176 hos

168 1195 313 1254 officiosos
326 1194 438 1251 labores
452 1213 539 1264 meos,
554 1193 689 1252 nonnulla
710 1195 784 1270 apud
807 1195 895 1254 bonos
907 1197 1016 1272 gratia3
1038 1197 1159 1272 appelle-
1173 1197 1207 1251 10

168 1284 215 1331 tur
236 1274 276 1330 ita
297 1270 378 1342 sanc,
402 1273 557 1330 dummodo
577 1273 612 1330 eti
627 1292 678 1330 nos
699 1288 814 1330 utamur
833 1293 885 1350 pro
904 1275 996 1332 salute
1019 1275 1157 1332 bonorum

170 1363 270 1410 contra
285 1351 440 1409 amentiam
461 1351 644 1426 perditorum.

208 1432 297 1488 Hanc
312 1428 379 1487 vero
394 1430 589 1504 questionem,
604 1430 658 1488 etsi
673 1450 730 1488 non
752 1439 797 1487 est
820 1430 928 1505 iniqua,
950 1449 1097 1505 nunquam
1118 1439 1160 1489 tt·

169 1531 236 1568 men
264 1519 382 1566 senatus
410 1509 640 1566 constituendam
666 1509 785 1585 putavit.
839 1509 932 1567 Erant
957 1510 1035 1567 enim
1069 1510 1158 1585 leges,

169 1599 251 1647 erant
266 1587 448 1663 questiones,
462 1587 506 1645 vel
521 1589 557 1645 de
572 1589 662 1658 crede,
678 1588 720 1646 vel
742 1588 779 1645 de
793 1587 837 1646 vi:
857 1607 914 1646 nec
933 1597 1046 1645 tantum
1060 1607 1159 1646 moero·
1174 1585 1208 1638 15

170 1688 231 1726 rem
252 1687 288 1724 ac
309 1667 419 1724 luctum
439 1666 551 1724 senatui
572 1686 648 1724 mors
668 1666 700 1725 P.
723 1666 819 1724 Clodii
850 1667 997 1738 afferebat,
1025 1677 1057 1724 ut
1085 1685 1160 1724 nova

170 1747 288 1822 quaestio
309 1745 538 1803 constitueretur.
579 1746 671 1821 Cujus
691 1745 769 1803 enirn
796 1747 833 1804 de
853 1747 902 1804 illo
922 1745 1033 1804 incesto
1051 1756 1158 1822 stupro,

174 1825 318 1901 judicium
332 1824 509 1882 decernendi
530 1825 641 1882 senatui
663 1835 789 1900 potestas
811 1835 887 1884 esset
909 1836 1025 1903 erepta3
1046 1826 1083 1884 de
1096 1826 1159 1902 ejus

170 1905 298 1974 interitu,
311 1903 377 1980 quis
389 1912 481 1979 potest
495 1903 623 1974 credere,
647 1915 779 1962 senatum
797 1904 940 1980 judicium
963 1923 1067 1963 novum
1091 1924 1159 1962 con-

170 1984 346 2042 stituendum
359 1982 495 2058 putassel
536 1983 597 2040 Cur
612 1982 699 2059 igitur
722 1983 889 2040 incendium
903 1983 1001 2054 curias,
1014 2001 1159 2060 oppugna·
1171 1991 1207 2044 20

171 2063 277 2120 tionem
292 2061 398 2119 aedium
413 2059 454 2118 M.
477 2060 590 2136 Lepidi,
605 2063 716 2119 credam
739 2062 817 2119 hanc
838 2061 939 2136 ipsam,
963 2072 1064 2119 contra
1087 2080 1160 2118 rem·

169 2143 315 2219 publicam
337 2150 454 2197 senatus
474 2140 580 2197 factam
601 2159 664 2198 esse
684 2140 833 2217 decrevitl
858 2139 926 2214 quia
946 2139 1027 2196 nulla
1046 2139 1089 2195 vis
1108 2157 1160 2195 un·

169 2241 255 2297 quam
269 2231 314 2278 est
335 2220 365 2278 in
388 2218 479 2277 liberti
500 2220 616 2277 civitate
636 2230 771 2296 suscepta
792 2218 866 2276 inter
879 2218 968 2288 cives,
981 2238 1039 2277 non
1059 2229 1160 2276 contra

169 2300 386 2377 rempublicam.
428 2297 496 2356 Non
516 2299 593 2356 enim
615 2308 658 2356 est
679 2298 729 2356 illa
748 2297 878 2357 defensio
897 2307 998 2355 contra
1023 2297 1081 2354 rim
1108 2315 1160 2354 un·

170 2398 254 2454 quam
275 2378 430 2455 optanda;·
446 2378 496 2435 sed
516 2396 722 2453 nonnunquam
743 2388 786 2435 est
806 2376 986 2435 necessaria:
1014 2376 1070 2434 nisi
1090 2373 1158 2435 verb
1172 2378 1209 2433 25

171 2469 219 2515 aut
239 2458 289 2515 ille
309 2458 382 2528 dies,
413 2456 442 2514 in
463 2476 520 2531 quo
540 2457 588 2514 Ti.
610 2457 763 2515 Gracchus
782 2468 826 2515 est
845 2476 947 2529 cresus,
972 2466 1022 2514 aut
1034 2456 1083 2514 ille
1103 2476 1160 2531 quo

170 2537 270 2607 Gaius,
286 2547 337 2593 aut
356 2554 413 2611 quo
432 2554 512 2593 arma
534 2536 684 2594 Saturnini
702 2555 836 2614 oppressa
855 2546 932 2608 sunt,
952 2536 1096 2595 etiamsie
1115 2556 1159 2595 re·

169 2616 297 2692 publica,
311 2614 518 2691 rempublicam
532 2624 629 2673 tamen
650 2636 707 2673 non
722 2616 915 2674 vulnerarunt

209 2694 262 2753 VI.
297 2693 401 2768 Itaque
423 2712 478 2770 ego
499 2692 559 2769 ipse
581 2694 706 2766 decrevi,
720 2692 788 2753 crim
809 2696 919 2753 casdem
941 2695 970 2754 in
985 2695 1080 2773 Appitl
1100 2695 1160 2753 fao·

168 2782 229 2831 tam
243 2792 307 2831 esse
321 2781 474 2843 constaret,
489 2791 546 2830 non
560 2792 636 2845 eum,
651 2774 746 2849 quise
766 2774 950 2844 defendisset,
964 2785 1065 2832 contra
1086 2792 1159 2831 rem-
1172 2773 1209 2828 at

168 2852 317 2927 publicam
331 2850 451 2921 lecisse;
473 2852 533 2923 sed,
548 2850 616 2911 otim
631 2853 738 2911 inesset
759 2852 789 2909 in
811 2871 843 2908 re
863 2852 905 2908 vis
918 2861 948 2909 et
961 2852 1084 2920 insidia,
1104 2852 1159 2908 cri-

169 2950 236 2988 men
256 2930 368 3007 ju'dieio
391 2931 549 3001 reservavi3
570 2950 631 2988 rem
655 2931 761 2989 notavi.
800 2928 941 2998 Quodsi,
955 2948 1005 3003 per
1022 2928 1159 2985 furiosum

170 3010 251 3067 illum
265 3009 423 3080 tribunum,
445 3010 568 3081 senatui,
591 3011 666 3084 quod
688 3008 840 3077 sentiebat,
863 3006 1001 3081 perlicere
1020 3005 1159 3075 licuisset,

170 3107 275 3147 novam
296 3088 482 3163 questionem
503 3107 582 3146 nuno
600 3088 718 3149 ¹nullam
746 3085 925 3143 haberemus.
976 3083 1161 3140 Decernebat

170 3168 260 3237 enim,
288 3178 330 3237 ut,
357 3166 501 3225 veteribus
531 3167 653 3244 legibus,
683 3163 881 3223 tantummodo
910 3173 991 3221 extra
1019 3162 1159 3233 ordinem,
1174 3160 1210 3215 35

170 3256 354 3321 quaereretur.
409 3245 510 3303 Divisa
537 3246 681 3303 sententia
700 3254 753 3315 est,
780 3242 941 3319 postulante
967 3241 1159 3315 nescioquo:

169 3324 242 3383 nihil
263 3325 344 3383 enim
363 3344 482 3381 necesse
502 3334 556 3396 est,
576 3324 706 3383 omnium
726 3342 773 3380 me
793 3321 904 3399 flagitia
922 3322 1057 3398 prolerre.
1109 3319 1161 3377 Sic

170 3404 281 3479 reliqua
295 3402 450 3461 auctoritas
463 3403 590 3475 senatus,
605 3403 700 3479 empti
715 3400 929 3473 intercessione,
943 3401 1056 3459 sublata
1068 3408 1120 3456 est.

211 3483 343 3540 atenim
358 3482 413 3540 On.
428 3482 591 3559 Pompeius,
606 3482 754 3559 rogatione
768 3481 820 3538 suti
834 3480 913 3538 etde
934 3500 965 3537 re
978 3489 1008 3537 et
1021 3479 1058 3536 de
1071 3477 1161 3535 causd

174 3560 332 3637 judicavit:
354 3560 419 3618 tulit
433 3560 511 3619 enim
525 3562 561 3619 de
576 3562 665 3632 caede,
680 3579 744 3635 quae
759 3560 788 3617 in
804 3558 898 3635 Appitl
912 3558 959 3614 riri
978 3558 1056 3615 sacta
1075 3565 1160 3628 esset,
1175 3553 1211 3607 40

170 3639 199 3697 in
214 3640 272 3716 qud
293 3641 324 3699 P.
340 3640 461 3698 Clodius
484 3640 599 3698 occisus
621 3640 682 3697 fuit.
722 3638 806 3699 Quid
829 3656 899 3713 ergo
918 3636 1006 3693 tulitl
1047 3634 1161 3711 Nempe

170 3730 201 3776 ut
215 3730 399 3795 quereretur.
439 3718 523 3781 Quid
540 3738 622 3795 porro
641 3717 827 3793 quaerendum
849 3716 915 3772 estl
936 3714 1083 3772 factumne
1103 3714 1160 3772 sitl

171 3810 200 3856 at
220 3798 349 3857 constat:
372 3817 389 3856 a
409 3799 485 3873 quol
513 3809 542 3855 at
561 3808 648 3873 patet.
689 3796 781 3867 Vidit,
809 3795 897 3852 ctiam
924 3793 954 3852 in
981 3793 1161 3852 confessione

170 3877 251 3950 facti,
277 3878 350 3954 juris
378 3887 475 3935 tamen
503 3876 699 3935 defensionem
726 3873 832 3951 suscipi
852 3892 942 3949 posse.
992 3870 1161 3935 Quodnisi
