2775 4425
401 355 536 406 ORATIO
559 353 595 404 ΙΝ
621 353 659 404 Μ.
681 351 884 404 heronium.
1134 355 1185 414 131

146 501 303 576 lustrisque
319 500 475 559 consectus.
518 500 559 557 At
572 519 635 576 ego,
650 509 788 573 tanquam
809 497 879 554 mihi
894 515 961 554 oum
976 495 1018 554 M.
1033 496 1140 556 Crasso

147 581 297 638 eontentio
310 591 395 650 esset,
410 598 533 655 quocum
549 579 644 634 multe
668 589 698 634 et
719 596 830 654 magma
855 576 978 646 luerunt,
993 595 1050 634 non
1071 595 1139 634 eum

148 679 206 716 uno
220 660 379 736 gladiatore
393 658 578 733 nequissimo,
593 657 629 714 de
654 657 803 732 republied
817 655 941 732 graviter
955 674 1087 730 querens,
1102 656 1138 714 de

148 738 266 795 homine
288 738 359 794 nihil
390 736 457 794 dixi.
509 735 611 810 Itaque
643 735 728 792 hodie
757 734 916 811 perficiam,
937 744 968 791 ut
988 734 1129 814 intelligat

148 827 290 892 quantum
305 835 323 874 a
336 835 382 872 me
396 814 569 872 beneficium
584 824 645 871 tum
660 813 813 890 aeeeperit.
1173 835 1192 888 5

190 895 243 952 lV.
267 895 308 952 At
322 895 410 952 etiarn
433 893 541 964 literas,
564 912 636 969 quas
657 910 705 950 ma
728 893 783 950 sihi
807 889 919 949 misisse
932 889 1052 963 diceret,
1067 891 1141 951 reei-

150 974 231 1044 tavit,
247 974 333 1031 homo
354 983 384 1030 et
398 972 585 1030 humanitatis
608 991 718 1061 expers,
740 982 769 1029 et
792 971 855 1028 ritae
879 970 1040 1030 eommunis
1061 971 1141 1048 igna-

150 1072 206 1110 rus.
248 1051 328 1114 Quis
341 1051 419 1109 enim
442 1070 580 1126 unquam,
604 1069 652 1125 qur
666 1049 784 1127 paulurn
808 1049 892 1108 mode
916 1049 1053 1109 bonorum
1074 1071 1141 1110 oon·

150 1131 333 1189 suetudinem
348 1129 455 1200 nosset,
469 1130 566 1188 literas
581 1129 617 1187 ad
640 1149 670 1188 se
685 1130 722 1187 ab
746 1130 839 1188 amieo
859 1130 970 1201 missas,
983 1129 1140 1189 offensione

151 1211 247 1285 aliqud
272 1209 447 1285 interposite,
463 1208 492 1268 in
516 1209 643 1266 medium
666 1209 791 1284 protulit,
813 1209 965 1285 palamque
987 1209 1139 1268 recitavitl
1159 1218 1192 1272 10

150 1288 233 1350 Quid
248 1300 292 1346 est
308 1288 395 1358 aliud,
410 1288 509 1346 tollere
533 1308 549 1346 e
572 1287 628 1344 ritd
653 1288 717 1344 ritae
731 1287 908 1358 societatem,
933 1285 1020 1362 quarn
1041 1288 1141 1346 tollere

151 1367 312 1425 amicorum
334 1367 475 1442 colloquia
499 1365 683 1426 absentiuml
723 1365 825 1428 Quam
846 1367 937 1423 multa
957 1367 1023 1442 joaa
1050 1367 1141 1424 solent

151 1466 214 1504 esse
236 1445 265 1503 in
297 1446 432 1522 epistolis,
462 1465 534 1521 que,
563 1445 672 1522 prolata
702 1444 727 1502 si
754 1445 822 1515 sint,
849 1444 947 1520 inepta
973 1445 1140 1503 videantur!

151 1523 238 1600 quam
253 1525 345 1582 multa
358 1524 443 1596 seria,
457 1543 551 1599 neque
565 1536 662 1582 tamen
678 1524 736 1582 ullo
749 1523 834 1582 modo
847 1523 1040 1600 divulganda!

192 1606 236 1660 Srt
251 1605 307 1662 hoo
322 1604 540 1662 inhumanitatis
553 1613 629 1660 ture:
651 1602 801 1660 stultitiam
823 1602 1021 1660 incredibilem
1038 1601 1139 1660 videte.
1160 1611 1193 1662 15

150 1682 435 1758 Quirinalesque
451 1683 522 1740 mihi
545 1701 681 1758 opponas,
697 1683 782 1740 homo
804 1681 920 1751 diserte,
945 1692 976 1739 ut
998 1680 1141 1740 lllustellas

151 1762 285 1820 Tamisio
298 1772 327 1819 et
338 1762 440 1820 Tironi
455 1760 590 1820 Numisio
613 1761 741 1819 viderisl
771 1762 820 1837 qui
839 1759 906 1820 erim
922 1763 976 1820 hoe
990 1761 1050 1837 ipso
1070 1773 1142 1820 tem·

151 1861 218 1918 pore
238 1851 314 1898 stent
328 1861 394 1898 oum
408 1841 512 1918 gladiis
536 1841 566 1898 in
590 1852 746 1916 conspeetu
769 1840 896 1911 senariis,
910 1861 966 1918 ego
978 1860 1092 1916 quoque
1112 1853 1141 1901 te

151 1921 291 1977 disertum
309 1921 425 1996 putabo,
448 1921 472 1977 si
493 1919 662 1991 ostenderis,
677 1921 818 1995 quomodo
841 1919 880 1977 sis
902 1940 952 1978 eos
973 1921 1046 1978 inter
1067 1921 1142 1978 sica·

152 1999 209 2056 rios
223 1999 401 2056 defensurus.
443 1999 503 2056 Sed
526 1999 595 2073 quid
619 2019 744 2075 opponas
766 2000 893 2070 tandem,
918 2000 942 2056 si
957 2019 1072 2075 negem,
1093 2019 1140 2056 me
1158 2003 1193 2058 2⁰

152 2097 280 2152 unquam
295 2078 363 2134 istas
377 2079 473 2136 literas
488 2078 524 2135 ad
537 2087 566 2134 te
580 2078 714 2136 misissel
735 2097 792 2152 quo
811 2097 858 2135 me
878 2088 951 2136 teste
965 2077 1141 2135 eontineasl

153 2176 190 2215 an
205 2157 418 2234 chirographo?
441 2158 470 2216 in
485 2176 542 2233 quo
554 2158 644 2216 habes
664 2156 816 2215 seientiam
839 2167 1038 2231 questuosam.
1078 2155 1142 2218 Qut

151 2236 263 2312 possisl
285 2247 351 2293 sunt
364 2237 441 2295 enim
455 2237 564 2295 librarii
580 2256 676 2295 manu.
718 2235 736 2291 J
739 2254 785 2293 am
806 2235 920 2294 invideo
933 2233 1070 2311 magistro
1083 2246 1142 2306 tuo,

151 2316 200 2391 qui
215 2326 254 2385 te,
269 2316 349 2373 tantd
373 2318 517 2387 mercede,
542 2327 679 2392 quantam
700 2314 761 2393 jam
783 2314 935 2391 proferam,
949 2314 1021 2373 nihil
1042 2314 1148 2392 sapere‘

153 2394 262 2452 doouit.
1159 2410 1195 2464 25

192 2473 275 2534 Quid
301 2474 380 2531 enim
407 2485 451 2532 est
477 2472 583 2544 minias,
608 2494 665 2533 non
692 2473 759 2533 dieo
781 2472 910 2546 oratoris,
935 2474 985 2533 sed
1008 2473 1141 2548 hominis,

153 2550 240 2627 qudm
265 2553 294 2609 id
317 2553 442 2629 objieere
467 2554 637 2625 adversario,
652 2555 727 2630 quod
741 2554 789 2613 ille
803 2554 827 2612 si
845 2556 932 2613 verbo
945 2556 1067 2633 negarit,
1081 2555 1143 2613 lon·

153 2630 219 2707 girls
232 2633 363 2707 progredi
377 2654 434 2691 non
447 2633 545 2709 possit,
560 2633 608 2708 qui
632 2634 791 2709 objeceritl
832 2634 874 2692 At
895 2654 950 2709 ego
970 2655 1028 2693 non
1048 2654 1141 2711 nego:

153 2721 239 2786 teque
254 2712 284 2767 in
298 2711 352 2770 isto
365 2711 426 2789 ipso
441 2712 590 2782 eonvinoo,
605 2732 660 2771 non
676 2712 894 2771 inhumanitatis
908 2714 1011 2785 sellim,
1025 2715 1075 2772 sed
1090 2715 1142 2772 eti·

154 2808 201 2846 am
224 2791 365 2847 amentiae.
406 2791 496 2853 Quod
518 2791 595 2848 enirn
617 2794 735 2850 verbum
758 2792 788 2850 in
812 2793 874 2849 istis
896 2792 987 2850 literis
1010 2804 1063 2864 est,
1084 2814 1141 2851 non
1158 2806 1195 2860 30

152 2869 271 2944 plenum
297 2869 494 2940 humanitatis,
520 2870 617 2941 offleii,
646 2871 872 2929 benevolentiael
921 2870 1018 2927 Omne
1047 2882 1142 2928 autem

153 2947 265 3005 crimen
279 2956 360 3003 tuum
375 2960 427 3019 est,
442 2948 519 3023 qudd
543 2950 579 3006 de
603 2960 631 3006 te
646 2949 676 3007 in
701 2949 746 3005 his
767 2948 858 3005 literis
881 2968 938 3005 non
956 2947 1033 3004 male
1047 2948 1144 3005 existi·

153 3045 248 3094 mem;
271 3024 348 3100 quod
362 3029 487 3085 scribam
500 3038 637 3102 tanquam
660 3029 696 3085 ad
711 3027 814 3096 civem,
828 3036 965 3099 tanquam
981 3026 1016 3083 ad
1037 3027 1143 3083 bonum

152 3104 256 3175 virum,
285 3126 342 3163 non
365 3117 502 3182 tanquam
527 3108 562 3165 ad
586 3106 761 3163 sceleratum
783 3114 812 3161 et
838 3103 986 3161 latronem.
1029 3105 1070 3161 At
1082 3124 1145 3180 ego

152 3195 217 3241 tuas
236 3184 426 3261 literas'(etsi
445 3186 509 3262 jure
532 3196 703 3261 poteram‚a
726 3194 756 3241 te
778 3184 942 3261 lacessitus)
967 3194 1064 3241 tamen
1087 3204 1143 3241 non
1160 3196 1196 3249 35

151 3263 311 3339 proleram3
333 3265 437 3339 quibus
450 3264 534 3341 petis,
559 3275 590 3321 ut
612 3264 665 3321 tibi
687 3283 738 3339 per
760 3282 807 3321 me
828 3263 916 3321 lieeat
939 3264 1084 3337 quendam
1107 3264 1144 3321 de

152 3342 254 3399 exsilio
267 3344 424 3413 reducere3
447 3344 627 3419 adjurasque
643 3342 672 3400 id
696 3353 734 3413 te,
750 3342 838 3401 invito
859 3363 915 3414 me,
930 3363 987 3401 non
1009 3362 1072 3400 esse
1087 3342 1145 3399 lae-

151 3431 268 3478 turum:
291 3422 376 3497 idque
392 3442 408 3480 a
422 3442 468 3481 me
492 3424 635 3499 impetras.
676 3422 760 3485 Quid
774 3422 852 3480 enirn
866 3442 912 3479 me
933 3423 1144 3497 interponerem

153 3498 283 3557 audaeiae
306 3509 373 3571 tuae,
396 3521 483 3576 quam
507 3521 600 3575 neque
625 3502 781 3560 auotoritas
804 3502 889 3577 hujus
908 3501 1027 3571 ordinis,
1049 3520 1145 3574 neque

151 3578 325 3637 existimatio
347 3581 443 3656 populi
467 3580 603 3651 Romani,
629 3600 723 3655 neque
746 3582 826 3657 leges
850 3581 914 3637 ullae
936 3590 1052 3656 possent
1066 3584 1145 3637 coer·
1163 3588 1196 3642 40

152 3657 240 3714 cerel
283 3658 483 3718 Veruntamen
507 3659 576 3734 quid
601 3670 670 3729 erat,
686 3660 762 3735 quod
787 3678 833 3716 me
847 3678 973 3732 rogares,
988 3660 1012 3716 si
1027 3669 1090 3716 erat
1110 3659 1144 3730 ie,

95 3764 102 3776 ·
152 3736 188 3793 de
202 3754 260 3809 quo
273 3740 404 3814 rogabas,
420 3739 544 3797 Caesaris
557 3738 621 3814 lege
636 3739 794 3796 reduetusl
835 3738 893 3794 Sed
906 3738 1040 3795 videlieet
1050 3757 1145 3796 meam

154 3815 276 3951 gratialm
291 3817 379 3875 voluit
403 3838 484 3889 esse3
507 3818 537 3877 in
561 3838 617 3893 quo
639 3838 676 3875 ne
701 3817 791 3893 ipsius
813 3816 930 3891 quidem
954 3816 1014 3874 ulla
1033 3827 1145 3892 poterat

153 3913 227 3966 esse,
253 3914 307 3972 ege
326 3897 394 3955 lata.
