2775 4425
207 369 246 425 46
469 358 604 407 oltaTto
626 357 696 407 PRO
717 358 815 407 LEGE
837 357 1003 407 Maritum.

254 501 334 559 vobis
354 500 465 577 imperii
486 501 605 577 gloriam
620 501 800 575 relinquere;
821 501 864 558 sic
878 501 958 559 vobis
977 500 1173 577 turpissimum
1193 502 1243 574 sit,

255 580 336 649 illud,
350 580 425 655 quod
440 581 600 654 accepistis
615 581 688 637 tueri
703 591 732 636 et
746 599 914 638 conservare
928 599 984 637 non
998 600 1088 656 posse.

293 658 386 728 Quid,
401 656 478 733 qudd
498 660 575 714 salus
595 660 738 716 sociorum
751 678 895 716 summum
913 659 944 715 in
961 660 1122 734 periculum
1136 677 1171 715 ac
1185 660 1242 718 dis·

255 736 365 793 crimen
380 738 518 794 vocaturl
548 738 655 813 Regno
668 738 802 813 expulsus
821 748 865 794 est
885 738 1109 807 Ariobarzanes,
1124 757 1184 808 rex,
1198 758 1243 795 so-

222 826 240 877 5
256 816 318 871 cius
337 816 431 891 populi
451 816 579 873 Romani
600 827 684 891 atquc
706 818 832 873 amicus:
854 816 1005 873 imminent
1022 816 1080 873 duo
1093 836 1176 891 reges
1188 818 1241 874 toti

255 894 344 963 Asia,
360 914 415 951 non
436 893 527 951 soliim
549 894 627 951 vobis
648 894 849 965 inimicissimi,
864 896 915 951 sed
935 895 1022 951 etiam
1040 896 1140 951 vestris
1153 896 1242 953 sociis

255 983 339 1047 atque
354 972 471 1029 amicis:
493 972 623 1029 civitates
634 982 730 1029 autem
744 991 852 1044 omnes,
864 983 970 1030 cuncta
984 973 1057 1030 Asia
1068 984 1151 1048 atque
1162 974 1243 1031 Grae·

254 1051 310 1121 cia,
330 1062 454 1107 vestrum
475 1051 612 1107 auxilium
632 1060 808 1126 exspectare,
825 1062 937 1127 propter
957 1051 1077 1127 periculi
1099 1053 1243 1128 magnitu-

254 1129 362 1199 dinem,
384 1140 543 1204 ooguntur:
571 1129 772 1204 imperatorem
793 1148 810 1185 a
830 1130 909 1187 vobis
935 1141 1047 1187 certum
1074 1130 1240 1205 deposcere,

205 1215 239 1268 10
254 1206 321 1265 oum
335 1208 491 1284 praesertim
511 1226 560 1264 vos
581 1208 668 1269 alium
689 1208 834 1278 miseritis,
848 1227 942 1281 neque
963 1209 1079 1279 audent,
1093 1228 1187 1283 neque
1208 1210 1238 1266 id

254 1306 284 1343 se
299 1286 394 1344 lacere
409 1304 519 1343 summo
533 1286 595 1343 sine
608 1286 736 1362 periculo
750 1306 832 1362 posse
847 1288 1027 1343 arbitrantur.

294 1365 402 1423 Vident
421 1376 450 1425 ct
470 1365 597 1422 sentiunt
617 1366 672 1422 hoc
691 1366 779 1435 idem,
794 1366 869 1438 quod
883 1384 940 1435 voS,
956 1384 1044 1421 unum
1058 1365 1150 1422 virum
1164 1385 1240 1437 esse,

254 1444 283 1501 in
294 1464 350 1518 quo
361 1463 472 1501 summa
482 1445 539 1514 sint
549 1444 655 1514 omnia,
666 1454 696 1501 et
709 1462 775 1501 eum
789 1443 874 1519 propri
886 1464 949 1500 esse
961 1443 1031 1518 (quo
1040 1445 1127 1501 etiam
1139 1457 1241 1502 carent

253 1523 383 1603 aegrids),
405 1524 495 1599 cujus
508 1524 631 1580 adventu
653 1523 713 1598 ipso
741 1533 825 1597 atque
852 1522 977 1592 nornine,
997 1523 1111 1579 tametsi
1132 1524 1180 1580 ille
1200 1526 1240 1581 ad

206 1604 238 1657 15
253 1602 428 1659 maritimum
443 1602 549 1659 bellum
564 1602 683 1671 venerit,
698 1610 794 1658 tamen
816 1601 938 1676 impetus
958 1601 1081 1659 hostium
1096 1622 1241 1677 repressos

253 1699 316 1737 csse
330 1680 494 1755 intelligunt
509 1697 543 1736 ac
557 1680 723 1737 retardatos.
765 1680 807 1736 Hi
821 1699 878 1750 vos,
894 1680 1028 1753 quoniam
1048 1678 1139 1737 libere
1159 1682 1240 1755 loqui

252 1776 309 1814 non
330 1759 407 1828 licet,
422 1756 510 1815 tacite
532 1768 642 1833 rogant,
657 1768 688 1813 ut
708 1776 740 1815 se
759 1777 882 1832 quoque,
896 1758 972 1815 sicut
992 1768 1159 1816 caeterarum
1175 1779 1240 1835 pro-

252 1836 413 1892 vinciarum
427 1835 529 1905 socios,
543 1836 645 1912 dignos
658 1836 837 1906 existimetis,
848 1855 968 1911 quorum
978 1837 1100 1893 salutem
1114 1838 1164 1895 tali
1178 1838 1240 1897 viro

253 1914 475 1983 commendetis;
502 1925 587 1989 atque
608 1915 662 1971 hoc
683 1914 770 1971 etiam
791 1916 883 1991 magis
903 1914 990 1989 quam
1011 1926 1138 1986 ceteros,
1158 1916 1240 1991 qudd

202 1994 237 2045 20
252 1991 391 2066 ejusmodi
412 1992 442 2049 in
462 1993 637 2069 provinciam
658 1993 788 2050 homines
808 2011 874 2052 cum
893 1994 1011 2070 imperio
1031 1994 1179 2066 mittimus,
1194 2005 1239 2066 ut,

251 2070 364 2128 etiamsi
380 2072 415 2129 ab
430 2073 510 2130 hoste
524 2072 689 2142 defendant,
704 2082 801 2129 tamen
816 2072 939 2148 ipsorum
955 2073 1092 2129 adventus
1107 2073 1136 2129 in
1151 2074 1240 2132 urbes

253 2149 395 2208 sociorum
423 2169 480 2209 non
510 2149 632 2207 multllm
663 2151 700 2207 ab
730 2151 825 2207 hostili
854 2151 1064 2228 expugnatione
1093 2151 1237 2210 differant.

214 2232 215 2238 ’
252 2229 341 2287 Hunc
356 2231 511 2288 audiebant
526 2241 619 2301 antea,
633 2250 713 2288 nunc
726 2240 895 2305 praesentem
909 2231 1015 2301 vident,
1029 2232 1109 2288 tanta
1130 2243 1239 2308 tempe·

251 2309 355 2380 rantib,
369 2311 449 2367 tantd
464 2310 693 2379 mansuetudine,
705 2309 785 2365 tanta
800 2309 987 2380 humanitate,
998 2320 1030 2365 ut
1043 2309 1064 2366 ii
1079 2310 1238 2368 beatissimi

200 2389 236 2442 25
251 2407 313 2444 esse
329 2389 487 2458 videantur,
504 2388 577 2463 apud
593 2406 662 2461 quos
676 2387 725 2444 ille
739 2385 899 2444 diutissime
915 2397 1113 2446 commoratur.

290 2465 342 2522 VI.
377 2466 489 2535 Quare,
504 2466 528 2523 si
548 2476 659 2541 propter
679 2466 781 2536 socios,
800 2466 878 2523 nulla
900 2465 952 2542 ipsi
973 2467 1078 2542 injuriat
1098 2467 1235 2539 lacessiti,

251 2542 372 2617 majores
393 2544 477 2600 vestri
506 2561 572 2600 cum
593 2543 749 2614 Antiocho,
770 2563 837 2601 cum
865 2545 1004 2620 Philippo,
1025 2565 1093 2603 cum
1120 2546 1235 2617 AEtolis,

251 2639 317 2677 cum
347 2621 442 2678 Poenis
470 2622 546 2679 bella
572 2633 739 2698 gesserunt;
771 2633 877 2696 quanto
902 2643 951 2680 vos
977 2625 1072 2682 studio
1091 2626 1233 2695 convenit,

251 2698 363 2772 injuriis
382 2711 557 2776 provocatOS,
572 2700 714 2758 sociorum
734 2701 856 2759 salutem
870 2702 1009 2759 unacum
1024 2703 1134 2778 imperii
1149 2703 1234 2760 vestri

200 2783 236 2838 30
251 2776 390 2852 dignitate
421 2779 591 2850 defendere;
622 2780 778 2855 praesertim
809 2778 877 2838 cum
907 2781 944 2838 de
973 2782 1073 2838 vestris
1102 2781 1234 2838 maximis

250 2857 439 2934 vectigalibus
460 2859 576 2934 agatur!
608 2858 686 2915 Nam
705 2869 873 2916 caeterarum
886 2859 1096 2934 provinciarum
1110 2861 1234 2936 vectiga-

250 2935 299 3006 lia,
313 2935 454 3008 Quirites,
469 2947 549 2994 tanta
562 2948 638 3008 sunt,
653 2947 685 2994 ut
705 2937 750 3008 iis,
766 2936 802 2994 ad
823 2937 898 3013 ipsas
915 2937 1075 3012 provincias
1088 2940 1232 3010 tutandas,

250 3015 296 3072 vix
316 3017 443 3074 contenti
464 3035 526 3074 essa
545 3016 703 3092 possimus:
730 3016 803 3073 Asia
818 3014 885 3073 verb
902 3027 961 3072 tam
974 3016 1068 3091 opima
1082 3028 1125 3074 est
1138 3028 1168 3073 et
1181 3017 1235 3074 ler-

249 3095 317 3165 tilis,
332 3105 363 3152 ut
383 3106 412 3152 et
432 3096 561 3152 ubertate
580 3114 723 3171 agrorum,
738 3105 767 3152 et
787 3094 923 3151 varietate
944 3094 1099 3165 fructuum,
1113 3105 1143 3153 et
1156 3115 1233 3172 mag«

200 3181 235 3236 35
249 3173 381 3230 nitudine
400 3174 547 3249 pastionis,
567 3183 595 3230 et
615 3173 799 3230 multitudine
819 3191 918 3230 earum
938 3192 1117 3248 rerumquae
1137 3193 1235 3250 expor-

248 3261 354 3320 tantur,
377 3249 462 3308 sacile
483 3251 616 3308 omnibus
641 3252 726 3308 terris
747 3252 907 3308 antecellat.
949 3250 1051 3326 Itaque
1073 3253 1135 3310 baro
1154 3253 1234 3310 vobis

247 3328 404 3404 provincia,
418 3329 560 3398 Quirites,
574 3329 599 3385 si
613 3339 642 3385 et
655 3329 723 3385 belli
744 3329 896 3387 utilitatem
916 3340 945 3387 et
964 3330 1044 3405 pacis
1064 3331 1233 3406 dignitatem

249 3407 395 3464 sustinere
410 3407 503 3477 vultis,
523 3425 579 3463 non
600 3404 684 3464 modo
707 3426 725 3464 a
744 3407 918 3480 calamitate,
939 3409 989 3465 sed
1009 3409 1097 3467 etiam
1118 3426 1136 3465 a
1154 3420 1234 3466 metu

249 3485 431 3555 calamitatis,
447 3496 489 3542 est
503 3485 692 3542 defendenda.
805 3557 808 3561 ¹
915 3488 917 3493 '

199 3569 234 3623 to
288 3563 318 3621 N
321 3583 376 3634 am,
389 3565 500 3621 oaeteris
515 3564 544 3620 in
559 3563 654 3633 rebus,
667 3561 735 3620 oiim
745 3564 823 3621 venit
837 3565 995 3636 calamitas,
1006 3575 1067 3622 tum
1081 3564 1233 3623 detrimen·

248 3653 308 3699 tum
325 3643 483 3718 accipitur:
505 3652 543 3712 at,
559 3641 588 3698 in
603 3642 800 3718 vectigalibus,
815 3663 872 3700 non
887 3643 978 3702 solirm
996 3645 1134 3701 adventus
1154 3644 1232 3714 mali,

248 3720 299 3776 sed
314 3721 399 3776 etiam
412 3721 585 3796 motusipse,
598 3719 679 3777 affert
693 3720 895 3779 calamitatem.
930 3721 1018 3792 Nam,
1030 3719 1098 3778 cirm
1110 3723 1233 3781 hostium

249 3796 337 3872 copiae
351 3818 406 3855 non
423 3799 506 3875 longe
522 3800 635 3868 absunt,
646 3798 758 3855 etiamsi
771 3799 888 3875 irruptio
902 3800 979 3857 facta
989 3800 1069 3857 nulla
1078 3801 1126 3872 sit,
1137 3812 1234 3859 tamen

246 3893 352 3950 pecora
371 3876 588 3952 relinquuntur;
611 3876 788 3952 agricultura
800 3877 941 3936 deseritur
949 3898 957 3949 ;
978 3889 1171 3938 mercatorum
1183 3899 1234 3938 na·
