2775 4425
228 385 284 442 132
530 383 667 433 ORATIO
689 381 728 432 IN
750 383 787 432 M.
811 380 1013 433 Antonium.

312 524 348 583 V.
384 525 524 585 Sedctim
544 526 625 599 mihi,
654 526 754 585 Patres
777 525 952 602 conscripti,
976 537 1005 584 et
1018 548 1071 604 pro
1084 548 1131 588 me
1145 530 1247 606 aliquid

273 613 302 662 et
317 603 345 661 in
361 603 401 662 Μ.
418 606 576 663 Antonium
591 607 681 663 multa
695 607 821 663 dicenda
834 606 907 675 sint3
931 607 1053 664 alterum
1066 620 1133 683 peto
1145 629 1163 667 a
1173 611 1247 668 vobis

273 696 305 741 ut
318 703 374 754 me,
389 705 439 760 pro
452 704 498 742 me
512 686 667 756 dicentem,
683 684 809 762 benignd
818 706 826 756 ;
849 686 971 742 alterum
991 686 1052 761 ipse
1073 688 1205 759 efficiam,
1220 700 1258 761 ut,

273 773 373 820 contra
387 764 467 820 illum
482 764 549 821 cirin
564 765 670 836 dicam,
686 763 795 822 attentd
817 764 949 822 audiatis.
992 766 1086 822 Simul
1102 767 1172 824 illud
1191 788 1257 826 oro:

240 855 258 908 5
273 843 296 899 si
311 861 415 914 meam,
431 842 498 900 ebur
513 844 541 901 in
564 844 642 901 omni
668 844 735 914 viu,
749 854 811 900 tum
835 844 865 900 in
889 843 1023 915 dicendo,
1038 846 1257 904 moderationem

273 921 498 996 modestiamque
522 922 677 999 cogndstis‚
703 943 740 981 ne
762 941 808 980 me
832 921 927 993 hodie,
943 921 1011 980 crim
1036 923 1094 994 isti,
1112 934 1144 981 ut
1166 945 1257 1000 provo·

273 1000 358 1072 cavit,
374 1002 555 1076 respondero,
579 1002 699 1060 oblitum
721 1021 785 1059 esse
805 1000 913 1078 putetis
934 1001 1000 1059 mei.
1043 1001 1112 1062 Non
1136 1005 1258 1062 tractabo

273 1089 305 1137 ut
319 1080 484 1151 consulem;
506 1101 543 1139 ne
567 1080 615 1139 ille
639 1081 756 1155 quidem
778 1099 825 1138 me
848 1090 880 1137 ut
904 1081 1097 1139 consularem.
1139 1082 1199 1139 Etsi
1213 1084 1257 1140 ille

274 1159 352 1216 nullo
371 1159 456 1218 modo
476 1160 585 1231 consul,
613 1161 656 1218 vel
684 1159 762 1235 qubd
790 1159 831 1216 ita
857 1159 936 1229 vivit,
964 1159 1008 1216 vel
1038 1158 1118 1235 qubd
1144 1161 1183 1219 ita
1201 1181 1256 1219 rem

227 1244 259 1298 10
273 1237 418 1314 publicam
433 1239 516 1315 gerit,
530 1240 574 1297 vel
589 1237 667 1314 qubd
681 1239 723 1296 ita
737 1239 830 1298 sactus
843 1248 887 1295 est
908 1238 1008 1297 consul
1022 1257 1029 1295 :
1051 1259 1116 1316 ego,
1130 1240 1191 1299 sine
1204 1240 1258 1297 ulla

274 1318 476 1389 controversia,
492 1319 658 1376 consularis.

314 1396 353 1454 Ut
367 1397 453 1474 igitur
468 1397 674 1474 intelligeretis,
689 1397 804 1472 qualem
818 1395 879 1472 ipse
902 1414 933 1454 se
958 1396 1108 1454 consulem
1122 1398 1259 1474 profitere-

274 1486 330 1548 tur,
344 1477 450 1552 objecit
464 1477 534 1534 mihi
549 1477 729 1534 consulatum
743 1495 848 1533 meum.
888 1473 952 1536 Qui
977 1476 1156 1547 consulatus,
1178 1479 1259 1534 verbo

274 1573 365 1626 meus,
390 1557 489 1614 Patres
511 1556 684 1632 conscripti,
712 1574 743 1612 re
770 1565 862 1612 vester
890 1553 951 1610 suit.
992 1552 1077 1615 Quid
1106 1557 1182 1613 enirn
1208 1577 1258 1632 ego

226 1639 260 1691 15
275 1635 418 1706 constitui,
434 1635 501 1710 quid
516 1635 601 1712 gessi,
617 1636 685 1709 quid
700 1633 757 1710 egi,
771 1632 827 1690 nisi
841 1652 876 1690 ex
896 1632 982 1708 hujus
1004 1634 1116 1691 ordinis
1136 1635 1257 1706 consilio,

275 1714 454 1784 auctoritate,
469 1714 633 1771 sententiali
675 1713 749 1770 Haec
772 1723 813 1782 tu,
833 1713 917 1769 homo
940 1710 1067 1786 sapiens,
1092 1734 1147 1772 non
1172 1712 1258 1772 saltim

274 1793 419 1866 eloquens,
435 1793 509 1868 apud
523 1813 581 1862 eos,
596 1811 716 1867 quorum
731 1791 852 1849 consilio
874 1789 1076 1866 sapientisque
1094 1805 1175 1869 gesta
1188 1802 1257 1863 sunt,

275 1889 360 1927 ausus
374 1891 405 1928 es
420 1871 602 1946 vituperaret
642 1871 721 1932 Quis
745 1881 851 1940 autem,
866 1887 962 1926 meum
985 1871 1178 1943 consulatum,
1192 1891 1258 1948 prae·

273 1958 316 2006 tcr
331 1949 361 2007 P.
377 1950 522 2020 Clodium,
537 1950 586 2024 qui
600 1949 783 2026 vituperaret,
798 1948 931 2025 inventus
952 1949 1018 2004 estl
1040 1950 1127 2025 cujus
1148 1952 1257 2027 quidem

223 2039 258 2093 20
273 2038 303 2086 tc
317 2028 416 2100 fatum,
431 2029 515 2086 sicuti
530 2030 565 2087 O.
581 2029 748 2099 Curionem,
763 2038 860 2085 manet
869 2047 877 2097 ;
899 2025 1035 2102 quoniam
1062 2028 1093 2086 id
1116 2031 1191 2088 domi
1205 2041 1257 2086 tue

273 2118 325 2179 est,
341 2110 415 2184 quod
431 2108 483 2166 fuit
498 2108 608 2166 illorum
625 2108 738 2182 utrique
752 2107 847 2165 fatale.

312 2186 378 2246 Non
393 2189 489 2266 placet
503 2187 543 2247 M.
560 2187 688 2247 Antonio
711 2187 876 2246 consulatus
899 2203 989 2243 meus.
1032 2185 1075 2244 At
1099 2187 1206 2265 placuit
1228 2188 1257 2246 P.

275 2269 406 2340 Servilio,
421 2280 452 2326 ut
466 2287 531 2326 eum
546 2268 669 2345 primum
692 2267 839 2325 nominem
853 2285 889 2323 er
912 2265 989 2322 illius
1010 2269 1149 2343 temporis
1163 2287 1258 2325 consu·

273 2347 390 2419 laribuS,
405 2348 453 2422 qui
468 2346 595 2422 proxime
610 2357 738 2405 mortuus
752 2355 812 2403 est:
831 2344 941 2421 placuit
954 2342 995 2404 Q.
1011 2343 1131 2404 Lutatio
1149 2347 1257 2417 Catulo,

222 2435 257 2488 25
273 2426 355 2501 cujus
369 2445 480 2501 semper
494 2425 523 2483 in
539 2428 594 2483 hac
608 2425 757 2502 republicis
770 2425 846 2482 vivet
869 2422 1043 2481 auctoritas:
1066 2426 1176 2501 placuit
1194 2427 1258 2483 duo-

273 2506 325 2560 bus
349 2503 488 2574 Lucullis,
514 2504 555 2561 M.
571 2506 686 2575 Crasso,
708 2504 748 2566 Q.
765 2502 928 2573 Hortensio,
943 2501 978 2558 C.
993 2502 1126 2576 Curioni,
1152 2504 1192 2562 M.
1207 2504 1258 2562 Le-

271 2583 347 2659 pido,
363 2583 397 2640 C.
413 2582 519 2653 Pisoni,
544 2582 585 2639 Μ’
601 2583 761 2654 Glabrioni,
777 2582 810 2640 L.
826 2581 969 2653 Volcatio,
985 2581 1019 2638 C.
1035 2582 1151 2661 Figulo,
1166 2584 1202 2641 D.
1216 2582 1258 2640 Si·

272 2662 347 2731 lan0,
362 2671 390 2719 et
405 2660 437 2718 L.
451 2660 591 2732 Murenae,
606 2662 655 2736 qui
669 2672 730 2719 tum
742 2672 824 2719 erant
833 2662 965 2719 consules
978 2660 1140 2739 designati:
1154 2662 1257 2738 placuit

272 2740 358 2810 idem,
374 2741 448 2814 quod
463 2742 670 2812 consularibus,
681 2741 723 2798 M.
739 2740 862 2799 Catoni:
884 2740 933 2815 qui
947 2737 1015 2797 cirm
1030 2744 1131 2813 multa,
1144 2743 1200 2799 viui
1213 2760 1259 2799 ex·
1357 2735 1358 2764 r

221 2824 257 2877 30
273 2819 389 2891 cedenS,
404 2819 533 2895 providit,
548 2830 609 2877 tum
623 2819 700 2895 quod
715 2830 743 2877 te
758 2820 903 2877 consulem
928 2839 985 2876 nou
1011 2821 1091 2878 vidit.
1134 2817 1257 2878 Maximi

272 2896 338 2955 verb
354 2899 533 2957 consulatum
556 2918 651 2957 meum
676 2900 731 2956 Cn.
746 2898 900 2973 Pompeius
912 2900 1060 2973 probabit,
1082 2901 1142 2974 qui,
1163 2909 1195 2956 ut
1213 2918 1257 2955 me

271 2976 395 3054 primum
420 2979 564 3037 decedens
586 2997 622 3036 ex
648 2978 732 3055 Syria
755 2977 836 3047 vidit,
859 2978 1025 3051 complexus
1048 2989 1079 3035 et
1102 2979 1255 3055 gratulans,

272 3078 336 3115 meo
350 3058 491 3116 beneficio
503 3057 624 3134 patriam
639 3077 669 3115 se
693 3058 820 3113 visurum
841 3076 905 3113 esse
923 3056 1004 3115 dixit.
1047 3058 1106 3115 Sed
1120 3058 1189 3132 quid
1202 3056 1257 3113 sin-

246 3140 248 3143 ’
272 3138 352 3214 gulos
377 3138 589 3195 commemoro?
620 3135 850 3211 frequentissimo
873 3136 986 3193 senatui
1011 3136 1054 3194 sic
1074 3136 1194 3211 placuit,
1226 3143 1256 3190 ut

221 3228 256 3282 35
272 3225 347 3274 esset
368 3235 462 3286 nemo,
477 3216 525 3291 qui
550 3214 620 3272 mihi
642 3236 709 3285 non,
734 3224 766 3271 ut
786 3213 907 3291 parenti,
931 3214 1039 3290 gratias
1063 3223 1179 3290 ageret;
1209 3212 1255 3287 qui

271 3316 328 3353 non
350 3294 421 3352 mihi
445 3294 532 3351 vitain
556 3304 647 3365 suam,
671 3289 785 3365 liberos,
801 3294 938 3365 fortunas,
952 3293 1160 3371 rempublicam
1174 3292 1256 3350 reler-
1355 3293 1356 3338 ἱ

271 3386 314 3433 ret
329 3383 486 3449 acceptam.

311 3453 363 3510 VI.
387 3453 455 3523 Sed,
471 3451 604 3527 quoniam
620 3450 675 3507 illis
690 3470 760 3525 quos
774 3450 929 3522 nominavi,
943 3460 985 3510 tot
998 3461 1028 3509 et
1051 3450 1158 3507 talibus
1180 3447 1254 3519 viris,

271 3532 434 3608 respublica
454 3532 553 3590 orbata
567 3540 625 3600 est;
648 3530 798 3587 veniamus
823 3531 859 3587 ad
883 3531 971 3601 vivos,
986 3530 1034 3605 qui
1055 3530 1113 3587 duo
1126 3549 1143 3587 e
1157 3546 1255 3587 consu·
1354 3587 1355 3590 ,

221 3622 256 3675 40
272 3613 373 3670 larium
389 3631 508 3669 numero
522 3609 623 3685 reliqui
646 3618 720 3666 suut.
762 3608 796 3666 L.
811 3610 907 3681 Cotta,
931 3610 974 3667 vir
998 3628 1109 3666 summo
1132 3607 1254 3684 ingenio,

271 3692 438 3765 summique
460 3690 622 3766 prudentii,
638 3689 723 3746 rebus
747 3687 783 3744 iis
805 3688 894 3764 gestis
914 3707 985 3763 quas
1008 3690 1040 3745 tu
1062 3685 1255 3763 reprehendis,
1354 3693 1355 3698 ’

271 3770 509 3844 supplicationem
534 3767 661 3826 decrevit
683 3767 777 3824 verbis
793 3767 974 3843 amplissimis
985 3788 997 3825 :·
1024 3767 1108 3841 eique
1132 3765 1173 3822 illi
1194 3762 1254 3839 ipsi,

271 3866 341 3918 quos
355 3848 439 3904 modb
454 3847 608 3918 nominavi,
624 3846 799 3916 consulares,
822 3859 995 3920 senatusque
1017 3856 1140 3903 cunctus
1163 3862 1255 3901 asseu-
1353 3901 1354 3920 ,

272 3941 320 3977 sus
341 3933 402 3978 est:
434 3924 482 3995 qui
507 3926 606 3996 honos,
620 3936 683 4001 post
697 3924 843 3983 conditam
858 3925 934 3983 hanc
954 3926 1066 3995 urbem,
1081 3922 1196 3981 habitus
1215 3930 1255 3980 est
