2775 4425
190 361 231 419 32
458 355 594 406 ORATIO
615 355 664 404 111.
687 353 726 404 IN
749 354 780 404 L.
802 355 1016 405 CATILINAM.

243 500 289 557 tis.
330 495 406 557 Illud
420 497 487 556 verd
499 494 597 557 'nonne
612 499 651 556 ita
662 516 789 574 presens
808 509 862 570 est,
876 508 908 555 ut
930 509 1003 557 nutu
1016 498 1096 557 Jovis
1117 497 1228 576 Optimi

243 577 365 635 Maximi
389 578 496 635 sactum
520 597 583 635 esse
605 577 745 648 videatur,
760 587 801 649 ut,
816 576 895 648 oiim,
909 578 1048 635 hodierno
1068 578 1116 635 die
1130 577 1229 649 mane,

241 676 292 733 per
307 656 398 714 forum
413 674 477 715 meo
488 657 569 733 jussu
583 666 612 713 et
626 655 778 731 conjurati,
793 666 822 713 et
842 675 941 713 eorum
956 656 1077 727 indices,
1092 657 1122 715 in
1136 657 1228 713 aedem

243 735 412 793 Concordiae
427 735 612 805 ducerentur,
625 754 660 792 eo
674 735 735 811 ipso
755 745 882 811 tempore
903 734 1018 811 signum
1032 736 1227 792 statueretur?

209 818 299 889 5quo
312 814 461 886 collocato,
485 826 568 890 atque
592 814 627 870 ad
641 832 690 871 ros
711 824 900 887 senatumque
921 832 1068 885 converso,
1081 814 1179 872 omnia
1198 824 1228 871 et

242 902 368 963 senatus,
383 904 411 951 et
425 913 483 964 vos,
498 913 560 967 quae
582 901 664 949 erant
678 901 778 949 contra
798 891 920 949 salutem
940 892 1071 949 omnium
1090 892 1227 969 cogitata,

242 970 383 1028 illustrata
396 982 424 1028 et
437 972 582 1048 patefacta
596 970 714 1027 vidistis.

280 1050 350 1111 Quo
364 1052 450 1108 etiam
465 1050 570 1140 majore
591 1060 657 1106 sunt
681 1049 728 1107 isti
750 1048 817 1106 odio
843 1048 1039 1138 supplicioque
1065 1048 1156 1124 digni,
1176 1049 1227 1122 qui

242 1148 299 1199 non
314 1126 405 1187 solirm
419 1130 519 1186 vestris
533 1128 686 1189 domiciliis
707 1137 793 1201 atque
805 1127 900 1198 tectis,
914 1127 965 1183 sed
988 1127 1076 1184 etiam
1099 1127 1227 1184 Deorum

196 1210 229 1263 10
243 1196 355 1283 templis
369 1218 454 1297 atque
467 1207 603 1278 delubris,
618 1216 684 1265 sunt
705 1206 842 1263 funestos
854 1223 889 1262 ac
902 1205 1053 1263 nefarios
1033 1225 1129 1295 agnes
1142 1206 1228 1264 inser·

243 1305 274 1343 re
288 1286 401 1343 conati:
422 1286 526 1377 quibus
539 1304 594 1362 ego
609 1286 633 1342 si
656 1303 703 1341 me
723 1284 861 1341 restitisse
881 1284 988 1354 dicam,
1011 1284 1131 1341 nimium
1153 1286 1226 1341 mihi

257 1384 364 1436 umam,
379 1375 408 1422 et
421 1384 478 1422 nou
502 1366 555 1421 sim
578 1365 729 1422 serendus:
751 1364 809 1433 ille,
832 1363 880 1419 ille
901 1362 1014 1438 Jupiter
1037 1364 1155 1419 restitit:
1177 1364 1226 1420 ille

243 1410 426 1520 Capitolium,
442 1444 489 1501 ille
504 1445 566 1501 haec
580 1443 694 1518 templa,
710 1442 758 1499 ille
772 1443 847 1499 hanc
870 1442 980 1511 urbem,
995 1442 1044 1498 ille
1065 1460 1114 1499 vos
1126 1461 1226 1499 omnes

243 1523 334 1580 salvos
348 1542 410 1580 esse
424 1523 520 1580 voluit.
562 1522 626 1578 Diis
635 1540 689 1597 ego
703 1520 910 1578 immortalibus
920 1486 1043 1576 ducibus
1057 1520 1133 1577 hanc
1146 1539 1227 1577 merr-

197 1614 228 1668 15
243 1610 311 1672 tem,
329 1602 471 1672 Quirites,
494 1601 725 1673 voluntatemque
746 1599 870 1675 suscepi,
895 1609 981 1673 atque
1004 1599 1040 1655 ad
1062 1600 1125 1655 haec
1145 1609 1227 1656 tanta

244 1679 352 1737 indicia
365 1680 489 1755 perveni.
531 1678 548 1734 J
552 1698 596 1734 arn
612 1677 679 1735 verb
694 1678 744 1735 illa
757 1678 945 1754 Allobrogum
958 1677 1130 1748 sollicitatio,
1145 1678 1188 1735 sic
1208 1696 1227 1734 a

243 1756 366 1815 Lentulo
390 1757 557 1829 caeterisque
577 1756 743 1814 domesticis
765 1756 903 1827 hostibus,
927 1766 1007 1813 tanta
1031 1775 1085 1827 res,
1099 1766 1158 1813 tam
1178 1756 1227 1813 de-

243 1847 353 1893 menter
368 1836 477 1892 credita
500 1844 529 1891 et
555 1834 659 1909 ignotis
682 1844 713 1891 et
735 1835 874 1906 barbaris,
899 1835 1113 1909 commissaeque
1136 1836 1226 1891 literae

243 1932 389 1986 nunquam
404 1924 499 1969 essent
512 1911 649 1988 profecto,
661 1913 716 1970 nisi
732 1932 749 1969 a
762 1912 827 1970 Diis
838 1914 1044 1973 immortalibus
1058 1914 1127 1971 huic
1140 1924 1226 1970 tantae

193 2000 229 2054 20
245 1992 372 2048 audacie
387 1992 537 2049 consilium
552 2001 626 2049 esset
640 2001 777 2067 ereptum
817 1992 901 2053 Quid
922 1991 1012 2049 verdl
1041 2002 1074 2049 ut
1097 1992 1226 2049 homines

243 2070 329 2142 Galli,
344 2090 379 2129 ex
393 2070 508 2129 civitate
523 2069 597 2127 male
612 2071 725 2146 pacata,
742 2070 819 2147 (quae
833 2090 904 2148 gens
918 2090 977 2127 una
992 2080 1089 2141 restat,
1104 2091 1166 2145 quae
1179 2090 1227 2145 po-

242 2150 309 2227 pulo
323 2116 456 2208 'Romano
470 2150 576 2207 bellum
591 2150 687 2207 facere
703 2161 732 2207 et
753 2170 834 2227 posse
855 2160 885 2207 et
905 2169 963 2207 non
984 2149 1059 2207 nolle
1081 2116 1223 2240 iideatur)

242 2249 320 2306 spem
336 2231 446 2308 imperii
461 2241 489 2288 et
503 2249 598 2288 rerum
623 2230 860 2306 amplissimarum
885 2229 959 2287 ultro
982 2229 1037 2287 sibi
1060 2248 1078 2286 a
1098 2229 1226 2320 patriciis

242 2310 405 2369 hominibus
418 2310 542 2368 oblatam
557 2310 746 2386 negligerent,
761 2320 939 2383 vestramque
961 2309 1083 2365 salutem
1096 2308 1156 2366 suis
1167 2308 1226 2384 opi-

192 2395 228 2448 25
242 2390 295 2445 bus
311 2399 529 2465 anteponerent3
552 2387 580 2444 id
595 2408 651 2444 non
665 2389 802 2446 divinitus
816 2387 924 2444 factum
934 2407 997 2444 esse
1011 2387 1135 2463 putatisl
1157 2407 1226 2463 prae·

242 2469 340 2524 sertim
353 2469 402 2542 qui
417 2487 478 2537 nos,
492 2486 549 2523 non
563 2467 726 2542 pugnando,
741 2468 793 2524 sed
815 2465 948 2538 tacendo,
972 2485 1107 2542 superare
1129 2476 1226 2542 potue-

241 2547 326 2601 runtl

281 2623 319 2680 X.
339 2621 548 2694 Quamobrem,
568 2623 712 2695 Quirites,
734 2624 869 2698 quoniam
892 2624 928 2680 ad
949 2622 1047 2681 omnia
1066 2623 1225 2699 pulvinaria

242 2701 410 2777 supplicatio
423 2702 541 2758 decreta
554 2712 606 2774 est,
622 2703 795 2760 celebratote
810 2703 872 2760 illos
892 2703 954 2759 dies
975 2721 1042 2759 oum
1056 2702 1225 2778 conjugibus

193 2783 228 2836 30
243 2799 277 2836 ac
291 2780 388 2837 liberis
398 2781 506 2838 vestris
547 2781 577 2838 N
580 2800 625 2838 am
636 2781 718 2838 multi
729 2801 803 2857 srepe
812 2783 933 2839 honores
941 2779 1006 2838 Diis
1020 2781 1225 2838 immortalibus

247 2859 315 2934 justi
331 2859 420 2917 habiti
435 2869 502 2916 sunt
516 2878 551 2917 ac
574 2861 674 2930 debiti,
689 2860 740 2917 sed
763 2859 890 2935 profeotd
911 2859 1046 2948 justiores
1068 2878 1223 2934 nunquam.

242 2937 340 3016 Erepti
355 2939 432 2997 enim
453 2958 489 2997 ex
503 2938 701 2997 crudelissimo
722 2957 758 2995 ac
773 2938 932 2996 miserrimo
946 2938 1073 3009 interitu,
1087 2947 1116 2995 et
1136 2936 1225 3013 erepti

242 3018 304 3074 sine
319 3020 407 3090 erede,
423 3019 485 3076 sine
499 3018 649 3096 sanguine,
665 3017 727 3074 sine
740 3017 879 3088 exercitu,
893 3016 955 3074 sine
976 2983 1171 3106 dimicatione,
1185 3028 1226 3074 to·

243 3097 312 3172 gati,
328 3117 373 3154 me
388 3117 445 3155 uno
458 3108 554 3174 togato
568 3099 642 3154 duce
656 3106 686 3154 et
700 3096 878 3172 imperatore,
893 3095 1010 3152 vicistis
1052 3094 1168 3152 Etenim
1182 3115 1226 3152 re·

192 3175 228 3228 35
243 3176 411 3247 cordamini,
425 3176 568 3246 Quirites
583 3195 683 3233 ornnes
697 3174 796 3232 civiles
810 3173 1011 3244 dissensiones,
1026 3192 1119 3264 neque
1133 3171 1224 3231 solum

242 3273 291 3310 eas
305 3273 375 3328 quas
391 3221 519 3324 audistis,
531 3222 580 3310 sed
594 3265 622 3310 et
638 3255 688 3309 bas
700 3273 771 3327 quas
780 3264 888 3311 vosmet
899 3252 951 3329 ipsi
965 3252 1135 3310 meministis
1149 3262 1177 3309 et
1187 3253 1226 3309 vi·

242 3332 331 3389 distis.
374 3331 407 3388 L.
424 3332 505 3387 Sulla
528 3331 559 3388 P.
576 3331 737 3406 Sulpicium
760 3332 915 3407 oppressit;
936 3351 972 3389 ex
995 3331 1066 3389 urbe
1089 3330 1176 3406 ejecit
1189 3331 1223 3387 C.

242 3409 379 3480 Marium,
394 3410 541 3466 custodem
553 3409 636 3484 hujus
650 3410 747 3478 urbis3
769 3410 929 3485 multosque
940 3411 1025 3468 sortes
1035 3410 1110 3467 viros
1123 3410 1225 3485 partim

241 3489 327 3564 ejecit
337 3509 372 3546 ex
386 3488 511 3557 civitate,
522 3488 624 3564 partim
640 3488 792 3546 interemit,
834 3490 889 3546 Cn.
900 3489 1051 3558 Octavius,
1063 3489 1172 3558 consul,
1184 3507 1226 3544 ar·

192 3565 226 3618 40
241 3568 295 3624 mis
309 3587 343 3625 ex
358 3567 436 3625 Urbe
451 3566 590 3644 collegam
605 3586 687 3624 suum
702 3567 826 3644 expulit:
846 3567 939 3625 omnis
953 3568 1002 3624 hic
1022 3567 1103 3624 locus
1116 3567 1226 3625 acervis

241 3665 389 3722 corporum
404 3657 433 3704 et
447 3645 552 3703 civium
574 3645 715 3722 sanguine
738 3646 916 3703 redundavit.
957 3646 1110 3721 Superavit
1128 3655 1225 3721 postea

241 3725 337 3781 Cinna
351 3745 418 3782 cum
433 3723 536 3782 Mario.
577 3725 656 3782 Turn
681 3722 760 3795 verb,
775 3724 942 3781 clarissimis
964 3723 1033 3781 viris
1057 3724 1225 3794 interfectis,

240 3801 350 3858 lumina
377 3804 501 3860 civitatis
524 3804 665 3861 exstincta
686 3813 760 3860 runt.
812 3803 897 3860 Ultus
919 3812 963 3859 est
989 3803 1074 3878 hujus
1101 3799 1226 3860 iictorire

240 3881 439 3938 crudelitatem
452 3892 550 3956 postea
564 3882 661 3952 Sulla;
683 3901 738 3938 nec
752 3880 811 3937 dici
825 3881 942 3955 quidem
961 3901 1032 3957 opus
1052 3891 1105 3954 est,
1119 3881 1226 3956 quanti
