2775 4425
417 368 554 418 ORATIO
576 368 613 418 IN
637 369 674 418 Μ.
691 369 893 421 eunonium.
1136 375 1194 434 149

150 511 281 570 habebat.
323 509 417 582 Quin,
432 511 477 568 his
498 511 567 588 ipsis
581 513 768 589 temporibus,
782 513 860 573 domi
874 514 1010 587 cesaris,
1024 535 1141 593 percus·

150 611 204 662 sor,
228 591 264 648 ab
288 591 342 647 isto
364 591 478 662 missus,
500 590 697 667 deprehensus
718 593 869 650 dicebatur
890 613 954 652 esse
975 613 1043 652 cum
1057 594 1139 653 sici:

149 669 254 743 dequo
269 670 368 726 Caesar
389 669 419 726 in
442 680 554 740 senatu,
571 670 668 747 aperte
692 671 722 729 iu
742 683 771 728 te.
792 671 941 744 invehens,
955 685 1074 749 questus
1086 683 1139 732 est.

149 747 346 805 Proficiscitur
370 747 399 805 in
415 741 587 823 Hispaniam
602 749 711 820 Caesar,
726 750 828 825 paucis
842 750 894 808 tibi
909 752 945 809 ad
959 753 1139 824 solvendum,

149 838 262 902 propter
276 826 404 904 inopiam
424 836 514 898 tuam,
535 828 693 904 prorogatis
714 828 825 887 diebus.
878 829 926 888 Ne
948 841 1010 890 tum
1023 831 1139 907 quidem
1173 833 1193 888 5

149 906 284 980 sequeris.
335 904 412 962 Turn
436 906 528 964 bonus
549 907 690 982 gladiator
711 908 812 964 rudem
833 917 892 966 tam
906 907 966 966 cito
981 911 1140 987 accepistil

151 983 238 1042 Hunc
262 983 349 1061 igitur
370 983 530 1060 quisquam,
548 985 598 1061 qui
621 986 650 1043 in
673 986 734 1043 suis
754 987 893 1063 partibus,
918 988 947 1045 id
967 999 1022 1061 est,
1036 989 1066 1047 iu
1080 990 1141 1048 suis

150 1063 280 1133 fortunis,
296 1073 354 1119 tam
368 1063 485 1120 timidus
500 1063 594 1135 luerit,
609 1065 814 1140 pertimescatl

189 1141 293 1198 XXX.
340 1142 489 1200 Proiectus
513 1153 557 1200 est
578 1145 693 1201 tandem
719 1144 872 1220 aliquando
893 1145 923 1204 iu
948 1146 1121 1222 Hispaniam

149 1222 197 1277 sed
213 1219 287 1290 tuto,
303 1230 335 1277 ut
349 1221 397 1291 ait,
411 1223 560 1298 pervenire
581 1241 637 1280 non
652 1223 752 1298 potuit.
793 1223 933 1285 Quonam
947 1225 1032 1283 modo
1053 1226 1140 1302 igitur
1158 1224 1193 1278 lo

150 1299 300 1356 Dolabella
320 1301 471 1374 pervenitl
526 1301 587 1359 Aut
608 1321 665 1358 non
686 1301 871 1376 suscipienda
892 1303 944 1362 fuit
959 1304 1021 1361 'ista
1040 1322 1140 1374 causa,

150 1379 277 1448 Antoni3
307 1389 366 1449 aut,
387 1376 455 1436 crim
476 1380 661 1454 suscepisses,
676 1380 861 1438 defendenda
881 1401 970 1457 usque
993 1382 1030 1438 ad
1050 1392 1142 1440 extre·

150 1477 236 1514 nrum.
293 1457 354 1514 Ter
375 1458 550 1534 depugnavit
570 1458 669 1516 Caesar
690 1478 759 1516 cum
779 1459 901 1530 civibus,
922 1461 951 1517 in
974 1460 1141 1530 Thessalia,

150 1537 262 1607 Africa,
291 1536 442 1611 Hispania.
494 1536 639 1595 Omnibus
665 1537 747 1594 affuit
773 1537 818 1594 his
841 1539 947 1614 pugnis
971 1538 1140 1596 Dolabella:

150 1615 178 1672 in
204 1615 394 1691 Hispaniensi
415 1616 503 1672 etiam
528 1616 632 1673 vulnus
656 1615 777 1692 accepit.
827 1615 920 1674 Side
943 1636 1009 1676 meo
1029 1617 1141 1693 judicio
1160 1616 1194 1670 15

149 1695 271 1769 quaris3
296 1695 419 1751 nollem:
441 1695 491 1751 sed
513 1705 609 1752 tamen
624 1695 778 1753 consilium
793 1715 810 1751 a
823 1695 915 1771 primo
928 1696 1143 1773 reprehenden-

150 1775 228 1844 dum,
250 1773 397 1830 laudanda
420 1773 591 1831 constantia.
644 1773 693 1832 Tu
719 1773 786 1832 verti
813 1774 882 1850 quid
910 1777 1031 1834 censesl
1083 1776 1139 1834 Cn.

150 1852 279 1928 Pompeii
302 1852 385 1910 liberi
406 1849 530 1927 primum
557 1852 679 1928 patriam
703 1855 880 1929 repetebant.
934 1855 1023 1914 Esto:
1055 1854 1141 1913 luerit

151 1932 212 1988 haec
226 1932 351 2007 partium
372 1950 462 1988 causa
482 1931 651 1990 communis.
703 1931 889 2010 Repetebant
909 1946 1049 2010 preterea
1062 1933 1142 1992 Deos

150 2010 266 2088 patrios,
282 2029 356 2080 aras,
371 2009 459 2081 locos,
473 2010 562 2067 larem
573 2030 656 2068 suum
672 2011 859 2080 familiarem
887 2013 917 2069 in
939 2032 1004 2088 quae
1017 2023 1049 2070 tu
1063 2014 1142 2070 inra-
1157 2019 1195 2072 ω

151 2109 236 2146 seras.
280 2089 355 2146 Haec
378 2108 444 2147 curn
460 2099 622 2164 repeterent
637 2090 724 2146 armis
738 2090 768 2160 ii,
782 2109 902 2165 quorum
915 2102 999 2148 erant
1011 2090 1141 2166 legibus;
1243 2082 1251 2102 ⁸

150 2169 203 2227 etsi
217 2170 246 2227 in
262 2169 348 2226 rebus
369 2168 555 2244 iniquissimis
569 2168 636 2244 quid
658 2179 751 2244 potest
771 2187 835 2226 esse
849 2169 943 2245 inquil
971 2179 1070 2227 tamen
1081 2179 1144 2226 erat

151 2248 355 2324 aequissimum,
377 2259 478 2305 contra
496 2248 551 2305 Cn.
564 2248 694 2323 Pompeii
716 2248 830 2314 liberos,
851 2248 907 2305 Cn.
923 2247 1053 2323 Pompeii
1072 2266 1144 2323 pug·
1203 2264 1211 2273 ‘

151 2346 219 2391 nare
234 2338 262 2384 te
277 2339 427 2385 sectorem.
470 2328 518 2385 An
540 2337 571 2384 tu
592 2326 731 2385 Narbone
746 2345 860 2383 mensas
880 2327 1024 2404 hospitum
1039 2344 1143 2383 couro-

152 2426 254 2477 mereS,
270 2406 420 2463 Dolabella
435 2426 486 2481 pro
501 2418 528 2463 te
543 2406 572 2462 in
589 2405 732 2481 Hispania
746 2406 919 2463 dimicaretl
1159 2418 1195 2472 25

189 2486 254 2547 Qui
274 2484 342 2543 verb
365 2485 503 2542 Narbone
525 2485 654 2541 reditusl
683 2495 823 2542 ettamen
845 2485 1000 2561 quaerebat,
1021 2504 1074 2544 cur
1087 2504 1143 2561 ego

152 2584 187 2622 ex
202 2565 263 2641 ipso
284 2584 370 2622 cursu
393 2575 451 2621 tarn
472 2561 566 2621 subitd
588 2564 777 2622 revertissem.
829 2564 957 2642 Exposui
971 2584 1073 2641 nuper,
1088 2565 1143 2623 Pa·

152 2653 208 2701 tres
235 2644 411 2719 Conseripti,
440 2643 557 2700 causam
585 2642 693 2700 rediuis
721 2644 786 2701 mei.
842 2645 939 2716 Volui,
967 2645 991 2701 si
1018 2664 1141 2720 possem,

154 2722 239 2780 etiarn
256 2732 322 2780 ante
337 2723 483 2780 Calendas
502 2721 666 2794 lanuarias,
680 2724 815 2799 prodesse
836 2724 1011 2799 reipublice.
1053 2722 1140 2792 Nam,

152 2804 227 2877 quod
248 2802 408 2877 quaerebas,
421 2802 563 2877 quomodo
579 2802 718 2859 redissem
727 2823 734 2872 ;
755 2801 880 2878 primtlm
895 2804 971 2871 luce,
985 2822 1042 2859 non
1064 2812 1143 2857 teue-
1159 2816 1197 2868 30

154 2882 230 2950 bris;
253 2881 359 2938 deinde
380 2900 447 2937 cum
469 2879 576 2955 calceis
596 2892 625 2937 et
645 2882 723 2957 toga,
748 2882 835 2937 nullis
862 2900 918 2936 uec
938 2880 1060 2935 Gallicis
1087 2897 1143 2935 nec

152 2960 280 3017 lacerna.
323 2960 364 3017 At
377 2960 464 3016 etiam
481 2960 606 3035 adspicis
621 2980 676 3029 me,
691 2970 720 3015 et
734 2958 860 3033 quidem,
872 2967 904 3013 ut
917 2957 1032 3027 videris,
1045 2958 1142 3013 iratus.

156 3038 209 3096 Nae
230 3050 262 3096 tu
289 3038 348 3114 jam
370 3057 484 3095 mecum
505 3039 534 3095 in
555 3038 675 3114 gratiam
699 3037 810 3105 redeas,
831 3036 855 3091 si
877 3036 963 3105 scias,
987 3034 1072 3108 quim
1098 3053 1145 3089 me

154 3119 260 3193 pudeat
279 3118 412 3193 nequitia
433 3128 499 3186 tuae,
515 3118 597 3193 cujus
615 3127 644 3173 te
663 3116 756 3191 ipsum
776 3132 833 3170 non
853 3114 949 3188 pudet.
992 3112 1037 3169 Ex
1055 3112 1146 3169 omni-

154 3196 206 3253 bus
227 3198 358 3255 omnium
381 3196 506 3272 flagitiis,
531 3196 640 3253 nullum
666 3193 777 3268 turpius
806 3192 873 3262 vidi,
899 3191 1008 3249 nullum
1039 3191 1144 3247 audivi.
1163 3200 1199 3253 35

153 3276 216 3337 Qui
245 3275 381 3351 magister
410 3276 537 3349 equitum
566 3274 653 3330 luisse
680 3272 733 3329 tibi
760 3271 899 3342 viderere,
928 3271 957 3328 in
984 3270 1147 3347 proximum

154 3374 262 3412 annum
279 3354 460 3412 consulatum
475 3364 595 3428 peteres,
611 3353 653 3409 vel
669 3350 765 3427 potius
780 3370 914 3427 rogares;
936 3351 970 3421 is,
985 3369 1035 3425 per
1054 3349 1147 3405 muni-

154 3434 230 3509 cipia
252 3434 436 3509 coloniasque
457 3432 569 3501 Galliae,
592 3450 608 3487 a
628 3430 685 3506 qud
713 3450 765 3487 nos
792 3442 863 3501 tum,
885 3428 952 3487 clim
980 3428 1148 3486 consulatus

154 3514 313 3589 petebatur,
329 3532 386 3569 nou
401 3513 563 3588 rogabatur,
577 3519 675 3585 petere
690 3510 871 3567 consulatum
892 3509 1064 3577 solebamus,
1079 3524 1148 3561 cum

153 3592 275 3649 Gallicis
288 3602 318 3649 et
331 3591 449 3647 lacerna
464 3589 625 3647 cucurristi.
1164 3592 1200 3645 4ο

193 3669 312 3727 XXXI.
356 3671 397 3726 At
421 3669 515 3726 videte
538 3668 682 3725 levitatem
705 3667 837 3724 hominis.
888 3663 974 3730 Cium,
995 3663 1065 3721 horti
1089 3662 1148 3719 diei

154 3749 269 3807 decimi
291 3748 351 3805 ferd
375 3748 410 3805 ad
439 3749 515 3805 Saxa
543 3747 646 3804 Rubra
672 3746 807 3815 venisset,
829 3743 941 3801 delituit
966 3744 996 3800 in
1023 3742 1149 3817 quddam

155 3828 329 3904 cauponula,
345 3840 428 3903 atque
450 3827 490 3884 ibi
511 3846 541 3883 se
562 3824 724 3892 occultans,
743 3823 902 3899 perpotavit
923 3821 959 3879 ad
981 3840 1147 3897 vesperum:

157 3907 223 3966 inde
238 3907 310 3967 cisio
325 3907 457 3964 celeriter
472 3906 507 3963 ad
524 3904 630 3963 Urbem
653 3902 801 3973 advectus,
816 3902 933 3959 domum
955 3901 1033 3959 veuit
1054 3900 1149 3977 capite

399 3984 464 4042 13*
