2775 4425
198 362 239 419 24
468 352 664 406 ORATIOJI.
686 353 725 403 IN
747 353 778 403 L.
800 352 1015 405 CATILINAM.

151 565 157 575 ,
250 499 295 557 Ex
317 499 372 556 hac
399 498 476 556 enim
498 506 578 574 parte
599 497 689 573 pudor
716 506 835 574 pugnat,
859 498 939 556 illinc
964 498 1140 574 petulantia;
1161 498 1231 557 hinc

249 577 399 655 pudicitia,
415 577 495 634 illinc
517 588 662 651 stuprum;
685 576 754 635 hiuc
776 577 856 647 lides,
879 577 959 635 illinc
982 578 1139 648 fraudati03
1162 579 1231 636 hinc

249 657 350 733 pietas,
366 656 446 713 illinc
462 655 572 723 scelus;
595 655 664 711 hinc
686 656 858 726 constantia,
874 656 954 713 illinc
978 657 1070 725 suror3
1093 657 1162 715 hinc
1183 658 1231 714 ho·

250 746 356 804 nestas,
367 734 446 792 illinc
454 734 615 809 turpitudo;
626 734 694 791 hinc
703 735 891 804 continentia,
902 735 982 792 illinc
990 735 1093 792 libido:
1105 736 1230 810 denique

217 813 378 889 5aequitas‚
402 812 600 889 temperantia,
624 812 769 884 fortitudo,
790 812 952 889 prudentia,
975 814 1094 871 virtutes
1118 834 1229 884 omues,

250 902 362 949 certant
376 910 443 950 cum
467 890 627 966 iniquitate,
643 909 709 948 cum
732 890 856 962 luxuriat,
871 910 938 949 cum
962 892 1087 968 ignavia,
1102 911 1169 950 cum
1189 903 1230 949 te-

249 971 391 1041 meritate,
407 988 473 1027 curn
488 970 564 1027 vitiis
577 970 728 1027 omnibus:
749 968 902 1047 postremo,
916 970 1006 1046 copiae
1015 990 1082 1028 cum
1091 982 1228 1048 egestate,

249 1052 325 1107 bona
339 1050 411 1107 ratio
425 1066 491 1106 cum
505 1048 627 1124 perdita,
641 1066 724 1106 mens
737 1067 808 1105 sana
821 1067 888 1105 cum
910 1050 1047 1121 amentia,
1063 1051 1137 1107 bona
1150 1050 1230 1107 deni-

249 1148 305 1203 que
332 1146 397 1205 spes
419 1145 485 1185 cum
506 1126 635 1184 omnium
657 1146 753 1185 rerum
775 1128 983 1203 desperatione,
1005 1128 1143 1204 confligit.
1192 1128 1228 1186 In

204 1211 234 1264 10
250 1207 412 1282 hujusmodi
426 1205 584 1263 certamine
607 1224 642 1263 ac
663 1206 773 1281 proelio,
796 1226 901 1276 nonne,
923 1207 1011 1263 etiam
1033 1206 1057 1263 si
1081 1207 1228 1265 hominum

250 1286 345 1343 studia
359 1285 505 1355 deficiant,
515 1284 564 1341 Dii
580 1284 633 1359 ipsi
649 1284 824 1343 immortales
837 1296 951 1361 cogent,
962 1286 999 1342 ab
1013 1285 1057 1343 his
1070 1286 1228 1361 praeclaris-

250 1365 330 1423 simis
344 1364 505 1433 virtutibus,
520 1374 561 1421 tot
575 1374 604 1421 et
618 1373 698 1421 tanta
712 1364 781 1420 vitia
794 1364 943 1439 superarit

289 1443 361 1501 XII.
390 1443 467 1505 Quae
490 1439 558 1501 crim
586 1442 624 1499 ita
652 1441 719 1513 sint,
741 1442 884 1513 Quirites,
907 1462 965 1513 vos,
987 1442 1228 1517 quemadmodum

254 1522 314 1598 jam
330 1533 423 1592 antea,
438 1532 532 1579 vestra
545 1532 622 1579 tecta
636 1521 774 1578 custodiis
787 1521 949 1598 vigiliisque
962 1521 1125 1579 defendite:
1146 1521 1227 1592 mihi,

201 1610 234 1663 15
251 1613 282 1663 ut
295 1601 377 1671 Urbi,
396 1602 458 1659 siue
480 1611 573 1659 restro
593 1610 672 1657 motu
695 1618 731 1657 ac
751 1600 814 1657 sine
837 1600 895 1657 ullo
916 1600 1050 1670 tumultu,
1064 1600 1134 1657 satis
1153 1612 1229 1657 esset

249 1680 385 1757 presidii,
400 1679 561 1737 consultum
577 1696 611 1735 ac
632 1678 775 1754 provisum
797 1688 849 1735 est.
891 1678 994 1737 Coloni
1016 1698 1116 1736 omnes
1136 1680 1228 1736 muni-

250 1759 384 1833 cipesque
398 1757 494 1827 vestri,
504 1756 641 1814 certiores
656 1775 672 1813 a
686 1775 733 1813 me
748 1756 817 1813 facti
827 1757 863 1813 de
877 1758 934 1814 hac
947 1758 1088 1815 nocturna
1103 1758 1228 1815 excursi-

249 1855 304 1894 one
318 1835 463 1905 Catilinae,
473 1833 559 1893 facile
574 1835 660 1891 urbes
674 1853 742 1891 suas
755 1834 883 1910 finesque
897 1836 1069 1893 defendent:
1089 1836 1225 1913 gladiato·

249 1933 305 1984 res,
330 1932 416 1988 quam
443 1914 498 1971 sibi
521 1913 569 1971 ille
591 1913 747 1969 maximam
770 1931 888 1971 manum
910 1925 939 1971 et
961 1915 1151 1973 certissimam
1168 1916 1227 1973 lore

199 2009 235 2063 ρο
249 1992 368 2069 putavit,
384 1992 560 2068 (quanquam
576 1992 692 2056 meliore
708 1992 804 2050 animo
820 2002 896 2063 sunt,
910 1991 996 2068 qudm
1018 2013 1084 2069 pars
1097 1994 1226 2068 patricio

249 2073 327 2149 rum)
345 2082 484 2148 potestate
506 2082 603 2129 tamen
625 2070 723 2129 nostra
744 2072 976 2129 continebuntur.
1016 2072 1057 2133 Q.
1081 2071 1227 2143 Metellus,

249 2171 334 2229 quem
344 2171 407 2231 ego,
415 2152 592 2230 prospiciens
606 2151 671 2223 hoc,
681 2150 712 2209 in
727 2169 827 2228 agrum
836 2150 1020 2209 Gallicanum
1030 2150 1228 2227 Picenumque

247 2232 382 2309 premisl,
412 2243 461 2290 aut
478 2231 626 2308 opprimet
653 2230 808 2301 hominem,
838 2241 887 2287 aut
912 2249 1013 2288 omnes
1039 2231 1102 2307 ejus
1135 2243 1228 2289 motus

248 2322 424 2386 conatusque
432 2311 601 2388 prohibebit.
624 2309 758 2384 Reliquis
767 2320 863 2366 autem
872 2309 1001 2366 derebus
1010 2309 1226 2380 constituendis,

198 2405 234 2459 25
248 2391 436 2461 maturandis,
452 2389 581 2466 agendis,
588 2388 648 2464 jam
663 2388 700 2445 ad
714 2398 846 2447 senatum
855 2388 1022 2459 referemus,
1031 2407 1117 2463 quern
1131 2389 1226 2446 vocari

248 2469 360 2526 videtis.

288 2546 377 2604 Nunc
392 2544 463 2617 illos,
477 2545 526 2621 qui
542 2544 571 2602 in
585 2543 881 2614 Urberemanseruut,
892 2556 977 2620 atque
986 2545 1059 2603 aded
1068 2545 1118 2621 qui
1127 2557 1226 2603 contra

248 2622 335 2682 Urbis
349 2625 469 2682 salutern
483 2624 668 2698 omniumque
682 2623 817 2694 restrdm,
828 2623 857 2680 in
866 2624 945 2682 Urbe
960 2644 977 2682 a
990 2624 1119 2682 Catilina
1133 2625 1226 2682 relicti

249 2714 325 2774 sunt,
347 2721 510 2779 quanquam
532 2712 599 2760 sunt
620 2702 725 2773 hostes,
749 2712 856 2773 tamen,
877 2703 946 2778 quia
967 2703 1027 2760 nati
1050 2714 1117 2760 sunt
1138 2704 1225 2774 cives,

198 2786 234 2840 30
249 2783 370 2840 monitos
383 2782 470 2839 etiam
486 2792 571 2856 atque
592 2781 678 2839 etiam
701 2781 771 2839 volo.
813 2780 883 2838 Mea
904 2781 1008 2840 lenitas
1030 2783 1126 2839 adhuc
1139 2782 1163 2839 si
1178 2782 1226 2840 cui

248 2861 365 2919 solutior
379 2861 439 2918 risa
452 2863 506 2932 est',
521 2861 576 2918 hoc
598 2860 782 2937 exspectavit,
797 2871 829 2917 ut
851 2861 891 2931 id,
905 2861 981 2936 quod
1002 2861 1119 2931 latebat,
1134 2879 1227 2918 erum·

247 2950 335 3016 peret.
376 2939 466 3002 Quod
481 2939 621 3016 reliquum
636 2949 688 3010 est,
702 2937 762 3014 jam
776 2959 833 2996 nou
847 2958 962 3015 possum
976 2939 1116 3010 oblivisci,
1131 2957 1225 2997 meam

249 3020 325 3077 hanc
340 3039 403 3078 esse
416 3019 548 3096 patriam,
563 3037 609 3076 me
623 3019 725 3076 horum
739 3037 803 3075 esse
824 3018 988 3087 consulem3
1010 3018 1080 3074 mihi
1096 3029 1145 3074 aut
1158 3036 1225 3074 cum

248 3097 294 3154 his
307 3099 470 3168 vivendum,
482 3109 530 3156 aut
544 3117 594 3174 pro
602 3097 648 3155 his
661 3116 725 3154 esse
738 3097 926 3154 moriendum.
967 3096 1074 3153 Nullus
1087 3108 1131 3153 est
1138 3108 1225 3172 portae

198 3167 233 3220 35
248 3187 354 3248 custos,
369 3177 464 3235 nullus
479 3177 627 3234 insidiator
644 3176 715 3233 viae:
736 3175 761 3231 si
782 3175 831 3250 qui
854 3175 932 3232 exire
953 3175 1061 3246 volunt,
1076 3175 1225 3232 consulere

248 3255 302 3312 sibi
316 3265 441 3332 possunt.
482 3255 545 3317 Qui
560 3252 627 3312 verd
646 3254 675 3310 in
697 3252 776 3310 Urbe
798 3273 829 3310 se
851 3254 1045 3324 commoverit,
1069 3254 1151 3331 cujus
1171 3273 1226 3330 ego

247 3354 304 3392 non
327 3332 411 3392 modo
434 3333 552 3402 lactum,
574 3332 625 3388 sed
648 3331 795 3406 inceptum
816 3332 907 3388 ullum
928 3343 1099 3390 conatumve
1126 3343 1227 3391 contra

246 3413 378 3489 patriam,
402 3411 630 3486 deprehender03
660 3410 765 3468 sentiet
787 3410 816 3468 in
839 3411 894 3468 hac
915 3410 987 3469 urbe
1008 3430 1071 3469 esse
1093 3412 1225 3469 consules

247 3491 408 3568 vigilantes,
431 3509 493 3548 esse
514 3488 646 3565 egregios
667 3489 861 3566 magistratus,
876 3509 939 3548 esse
961 3489 1062 3547 fortem
1082 3501 1225 3562 senatum,

198 3581 233 3635 40
246 3589 310 3629 esse
338 3587 427 3640 arma,
449 3587 512 3627 esse
534 3585 692 3638 carcerem,
714 3586 800 3643 quem
822 3568 967 3626 vindicem
994 3568 1168 3627 nefariorum
1190 3589 1225 3628 ac

247 3649 463 3708 manifestorum
478 3647 619 3706 scelerum
634 3645 756 3722 majores
770 3647 857 3704 nostri
871 3667 934 3705 esse
949 3647 1106 3705 voluerunt.

287 3726 376 3784 XIII.
406 3728 502 3802 Atque
525 3728 587 3784 haec
608 3725 706 3783 omnia
727 3726 771 3784 sic
798 3737 929 3802 agentur,
949 3725 1093 3796 Quirites,
1120 3739 1153 3783 ut
1180 3746 1226 3784 res

248 3805 379 3862 maximae
395 3804 515 3862 minimo
530 3815 619 3874 motu,
633 3805 763 3880 pericula
784 3822 898 3861 summa
919 3804 997 3862 nullo
1018 3805 1152 3874 tumultu,
1168 3805 1226 3863 bel·

247 3880 306 3938 lum
329 3881 496 3940 intestinum
520 3901 554 3940 ac
576 3883 776 3953 domesticum,
798 3893 861 3958 post
882 3882 1030 3939 hominum
1058 3884 1224 3942 memoriam
