2775 4425
367 372 503 423 ORATIO
524 372 570 423 tv.
592 372 631 423 IN
654 372 684 423 L.
708 372 921 424 CATILINAM.
1144 376 1181 433 41

143 526 280 591 quaestus,
294 515 420 574 occlusis
433 515 570 589 tabernis,
585 515 677 575 minui
691 516 773 589 solet,
786 516 857 593 quid
876 515 994 575 tandem
1007 514 1136 575 incensis

144 596 273 653 futurum
287 596 351 653 estl

183 674 261 735 Quae
276 672 343 731 crim
359 673 399 731 ita
412 673 479 745 sint,
493 674 595 732 Patres
609 674 784 751 conscripti,
798 674 879 733 robis
890 673 986 751 populi
1006 672 1134 733 Romani

142 752 278 828 praesidia
292 772 348 810 non
362 752 482 810 desunt:
504 772 553 811 vos
567 772 604 811 ne
617 753 722 831 populo
736 753 872 813 Romano
884 754 985 811 deesse
998 752 1135 811 rideami-

144 831 186 902 ni,
201 831 354 907 providete.
1163 835 1183 889 5

185 910 241 966 IX.
276 908 400 966 Habetis
427 910 574 968 consulem
595 930 631 969 ex
649 910 780 987 plurimis
804 909 942 988 periculis
961 918 991 969 et
1011 908 1133 983 insidiis,

145 997 231 1063 atque
254 1008 290 1045 ex
311 988 406 1045 medii
428 1001 528 1059 morte,
544 1008 600 1048 non
623 989 766 1047 advitam
788 1008 880 1061 susm,
894 990 946 1047 sed
960 989 1133 1047 adsalutem

143 1080 279 1137 vestram,
294 1078 486 1125 reservatum:
506 1086 607 1126 omnes
619 1068 744 1139 ordines,
760 1068 796 1125 ad
818 1068 1044 1126 conservandam
1060 1087 1135 1126 rem·

142 1146 301 1221 publicam,
310 1157 416 1217 mente,
426 1146 580 1217 voluntate,
589 1148 693 1217 studio,
709 1146 822 1217 virtute,
837 1167 917 1219 voce,
931 1146 1130 1205 consentiunt:

142 1226 261 1281 obsessa
282 1224 393 1282 facibus
412 1236 442 1283 et
465 1226 529 1283 telis
553 1225 645 1301 impiae
675 1226 888 1301 conjurationis,
909 1225 989 1286 vobis
1016 1226 1133 1302 supplex
1149 1232 1183 1286 to

143 1322 247 1360 manus
261 1303 353 1360 tendit
365 1303 458 1379 patria
471 1304 648 1363 communis:
669 1306 750 1363 vobis
762 1324 804 1375 se,
813 1305 894 1362 vobis
903 1304 991 1362 vitam
1003 1304 1133 1362 omnium

143 1382 261 1451 civium,
279 1382 358 1439 vobis
382 1400 478 1440 arcem
501 1392 531 1441 et
558 1382 742 1459 Capitolium,
766 1382 846 1442 vobis
872 1402 937 1440 aras
969 1382 1132 1454 Penatium,

142 1460 224 1517 vobis
246 1460 327 1517 illurn
349 1459 445 1537 ignem
459 1461 556 1519 Vestae
576 1472 746 1538 perpetuum
768 1479 804 1519 ac
825 1460 1039 1537 sempiternum,
1053 1460 1134 1520 vobis

142 1538 241 1595 omnia
268 1539 373 1615 templa
400 1539 529 1597 Deorum
554 1548 640 1613 atque
663 1538 794 1609 delubra,
816 1539 898 1597 vobis
924 1557 1021 1596 muros
1047 1548 1133 1613 atque

143 1618 224 1673 urbis
244 1628 331 1687 tecta,
346 1618 536 1675 commendat
578 1618 723 1676 Preterea
742 1618 779 1675 de
795 1617 888 1675 vestri
902 1616 971 1689 vitai,
985 1618 1022 1675 de
1035 1616 1132 1693 conju·
1148 1630 1182 1684 15

142 1715 213 1772 gum
228 1708 386 1753 vestrarum
408 1714 443 1754 ac
465 1696 619 1755 liberorum
637 1696 743 1767 animai,
758 1696 795 1754 de
810 1696 929 1755 fortunis
941 1696 1081 1767 omnium,
1095 1696 1132 1755 de

143 1775 271 1845 sedibus,
286 1776 322 1831 de
337 1774 407 1832 locis
420 1775 531 1847 vestris,
546 1776 684 1833 hodierno
697 1776 745 1833 die
759 1775 838 1833 vobis
848 1775 1039 1852 judicandum
1052 1784 1104 1833 est

183 1854 308 1911 Habetis
331 1854 445 1923 ducem,
468 1872 623 1911 memorem
647 1853 743 1925 vestri,
763 1854 885 1913 oblitum
905 1854 966 1926 sui;
988 1874 1051 1930 quaa
1072 1874 1131 1913 non

143 1951 256 2008 semper
271 1932 392 1989 facultas
410 1933 510 1989 datur:
532 1932 643 1991 habetis
662 1952 764 1991 omnes
782 1934 907 2005 ordines,
921 1953 1022 1992 omnes
1041 1934 1131 1991 bomi-

143 2031 206 2081 nes,
222 2011 386 2068 universum
407 2012 541 2087 populum
564 2011 731 2069 Romanum
745 2010 800 2089 (id,
814 2013 890 2087 quod
904 2014 934 2070 in
948 2013 1026 2071 civili
1040 2012 1130 2070 causti
1143 2020 1181 2074 20

143 2090 283 2147 hodierno
297 2090 343 2147 die
356 2089 480 2166 primurn
495 2089 637 2168 videmus)
653 2109 743 2147 unum
758 2102 844 2164 atque
858 2092 935 2148 idem
948 2090 1129 2149 sentientem.

143 2169 288 2245 Cogitate,
300 2168 414 2244 quantis
424 2169 569 2228 laboribus
580 2168 731 2227 fundatum
742 2167 902 2244 imperium,
912 2168 1019 2242 quanta
1027 2168 1132 2226 virtute

142 2249 300 2304 stabilitam
321 2249 492 2319 libertatem,
507 2249 615 2324 quanta
637 2248 766 2304 Deorum
781 2247 957 2324 benignitate
972 2257 1072 2304 auctas
1085 2265 1133 2305 ex·

144 2339 352 2402 aggeratasque
367 2327 503 2398 fortunam,
518 2347 576 2384 una
590 2345 645 2384 nox
661 2324 735 2402 pene
752 2325 863 2382 delerit.
904 2325 939 2382 Id
953 2345 991 2382 ne
1005 2343 1131 2400 unquam

141 2406 272 2481 posthac,
286 2425 343 2463 non
366 2404 450 2463 modd
473 2406 587 2476 confici,
602 2406 652 2463 sed
674 2424 712 2462 ne
734 2404 854 2481 cogitari
875 2403 991 2480 quidem
1012 2403 1100 2480 possit
1113 2422 1132 2462 a
1144 2413 1181 2467 25

143 2483 266 2554 civibus,
281 2485 418 2542 hodierno
439 2485 485 2542 die
506 2484 712 2561 providendum
734 2494 785 2542 est.
827 2485 924 2558 Atque
941 2485 1013 2556 haec,
1027 2503 1085 2542 non
1099 2495 1129 2542 ut

143 2582 202 2632 vos,
225 2563 273 2636 qui
302 2563 371 2619 mihi
400 2563 494 2621 studio
521 2561 594 2640 pene
624 2562 806 2640 praecurritis,
830 2563 997 2633 excitarem,
1017 2564 1131 2622 locutus

144 2659 207 2698 sum
220 2662 226 2711 ;
248 2643 299 2698 sed
315 2653 344 2698 ut
358 2661 423 2699 mea
436 2661 499 2713 vox,
514 2662 576 2718 quae
591 2643 676 2700 debet
692 2663 755 2700 esse
775 2642 806 2700 in
826 2641 974 2719 republica
986 2643 1129 2720 princeps,

142 2719 239 2778 officio
254 2720 353 2777 functa
367 2721 509 2779 consulari
525 2722 675 2779 videretur.

183 2799 223 2856 X¹
251 2798 350 2870 Nunc,
372 2797 438 2857 ante
460 2799 545 2873 quam
569 2798 682 2877 [Patres
701 2801 878 2880 conscripti]
902 2801 938 2858 ad
958 2801 1130 2859 sententiam
1143 2812 1180 2866 30

143 2878 240 2948 redeo,
255 2878 292 2934 de
305 2897 352 2936 me
366 2897 459 2954 pauca
473 2879 577 2936 dicam.
619 2879 692 2956 Ego,
707 2890 815 2953 quanta
828 2899 931 2937 manus
943 2890 988 2936 est
1001 2879 1131 2953 conjura·

143 2967 248 3026 torum,
264 2975 355 3030 quarn,
361 2957 462 3014 videtis
476 2977 538 3015 esse
551 2977 749 3034 permagnam,
762 2968 874 3013 tantam
887 2975 934 3012 me
948 2956 1131 3014 inimicorum

143 3035 358 3092 multitudinem
378 3037 537 3113 suscepisse
552 3036 650 3092 video:
672 3036 723 3091 sed
742 3053 808 3091 eam
827 3053 892 3090 esse
907 3033 1007 3108 judico
1019 3043 1132 3108 turpem

144 3124 173 3170 et
194 3113 347 3184 infirmam,
361 3126 552 3190 contemptam
574 3125 603 3171 et
624 3113 774 3188 abjectam.
814 3110 906 3172 Quod
924 3110 949 3167 si
967 3111 1130 3184 aliquando,

145 3192 268 3268 alicujus
288 3192 381 3251 surore
401 3204 431 3251 et
451 3195 560 3251 scelere
581 3191 727 3250 concitata
739 3209 842 3248 manus
856 3190 912 3246 ista
923 3189 987 3254 plus
1000 3189 1131 3260 valuerit,
1145 3199 1181 3253 35

144 3269 231 3345 quam
246 3283 340 3328 vestra
361 3290 396 3329 ac
410 3273 575 3348 reipublicae
596 3270 737 3347 dignitas3
759 3289 806 3327 me
820 3279 916 3327 tamen
930 3287 1059 3326 meorum
1074 3268 1133 3325 sao-

143 3358 238 3406 torum
260 3360 344 3424 atque
365 3351 548 3408 consiliorum
570 3369 728 3424 nunquam,
742 3349 843 3407 Patres
856 3348 1030 3424 conscripti,
1044 3347 1133 3424 poeni·

143 3428 223 3484 tebit
266 3427 382 3486 Etenim
396 3448 481 3500 mors,
496 3448 582 3504 quarn
603 3428 644 3486 illi
664 3428 735 3485 mihi
751 3429 868 3486 sortasse
882 3427 1060 3498 minitantur,
1074 3445 1133 3484 om-

144 3506 229 3562 nibus
243 3517 286 3563 est
300 3517 415 3583 parata:
437 3509 501 3565 vitas
514 3518 623 3564 tantam
638 3508 763 3577 laudern,
777 3507 885 3582 quanta
905 3527 954 3564 vos
973 3525 1019 3562 me
1032 3503 1133 3562 vestris

144 3585 269 3642 decretis
283 3586 464 3657 honestastis,
478 3605 563 3644 nemo
577 3595 621 3643 est
635 3598 790 3644 assecutus.
832 3585 953 3642 Caeteris
969 3583 1047 3641 enim
1061 3601 1133 3640 sem·
1146 3592 1183 3647 4ο

143 3683 193 3739 per
215 3662 288 3721 bend
308 3676 406 3742 gestae,
421 3665 492 3722 mihi
512 3665 563 3724 uni
584 3675 768 3737 conservata,
783 3663 948 3740 reipublicae
968 3661 1133 3740 gratulatio-

143 3761 210 3800 nem
226 3744 402 3800 decrevistis.

184 3821 230 3878 Sit
244 3823 343 3898 Scipio
357 3823 462 3895 clarus,
474 3822 531 3894 ille,
543 3822 626 3899 cujus
640 3822 760 3880 consilio
771 3831 856 3896 atque
866 3819 969 3879 virtute
983 3820 1131 3880 Hannibal

145 3899 174 3958 in
202 3901 335 3958 Africam
356 3903 460 4038 ridpre,
482 3910 567 3977 atque
590 3920 626 3959 ex
652 3900 740 3960 Italia
760 3900 912 3974 decedere,
933 3911 1051 3963 coactus
1070 3911 1131 3958 est:
