<?xml version="1.0" encoding="UTF-8"?>
<!DOCTYPE html PUBLIC "-//W3C//DTD XHTML 1.0 Transitional//EN"
    "http://www.w3.org/TR/xhtml1/DTD/xhtml1-transitional.dtd">
<html xmlns="http://www.w3.org/1999/xhtml" xml:lang="en" lang="en">
 <head>
  <title>
</title>
<meta http-equiv="Content-Type" content="text/html;charset=utf-8" />
  <meta name='ocr-system' content='tesseract 3.04.00' />
  <meta name='ocr-capabilities' content='ocr_page ocr_carea ocr_par ocr_line ocrx_word'/>
</head>
<body>
  <div class='ocr_page' id='page_1' title='image "./mtciceronisorat00folsgoog/mtciceronisorat00folsgoog_0062.png"; bbox 0 0 2775 4425; ppageno 0'>
   <div class='ocr_carea' id='block_1_1' title="bbox 173 386 984 449">
    <p class='ocr_par' dir='ltr' id='par_1_1' title="bbox 173 386 984 449">
     <span class='ocr_line' id='line_1_1' title="bbox 173 386 984 449; baseline 0 -13"><span class='ocrx_word' id='word_1_1' title='bbox 173 391 214 449; x_wconf 81' lang='lat'><strong>56</strong></span> <span class='ocrx_word' id='word_1_2' title='bbox 447 386 584 436; x_wconf 84' lang='lat' dir='ltr'><strong>ORATIO</strong></span> <span class='ocrx_word' id='word_1_3' title='bbox 605 386 675 436; x_wconf 86' lang='lat' dir='ltr'><strong>PRO</strong></span> <span class='ocrx_word' id='word_1_4' title='bbox 697 386 794 437; x_wconf 78' lang='lat' dir='ltr'><strong>LEGE</strong></span> <span class='ocrx_word' id='word_1_5' title='bbox 816 386 984 437; x_wconf 72' lang='lat' dir='ltr'><strong>maulam.</strong></span> 
     </span>
    </p>
   </div>
   <div class='ocr_carea' id='block_1_2' title="bbox 172 528 1212 3909">
    <p class='ocr_par' dir='ltr' id='par_1_2' title="bbox 225 528 1212 683">
     <span class='ocr_line' id='line_1_2' title="bbox 226 528 1212 611; baseline 0.004 -24"><span class='ocrx_word' id='word_1_6' title='bbox 226 539 310 603; x_wconf 86' lang='lat' dir='ltr'><strong>atque</strong></span> <span class='ocrx_word' id='word_1_7' title='bbox 325 528 446 604; x_wconf 89' lang='lat' dir='ltr'><strong>imperii,</strong></span> <span class='ocrx_word' id='word_1_8' title='bbox 460 539 522 586; x_wconf 91' lang='lat' dir='ltr'><strong>tum</strong></span> <span class='ocrx_word' id='word_1_9' title='bbox 540 528 629 607; x_wconf 89' lang='lat' dir='ltr'><strong>ipsius</strong></span> <span class='ocrx_word' id='word_1_10' title='bbox 646 530 770 589; x_wconf 88' lang='lat' dir='ltr'><strong>hominis</strong></span> <span class='ocrx_word' id='word_1_11' title='bbox 784 529 883 602; x_wconf 76' lang='lat' dir='ltr'><strong>causi,</strong></span> <span class='ocrx_word' id='word_1_12' title='bbox 898 528 999 608; x_wconf 82' lang='lat' dir='ltr'><strong>(sicuti</strong></span> <span class='ocrx_word' id='word_1_13' title='bbox 1013 528 1122 611; x_wconf 79' lang='lat' dir='ltr'><strong>facitis)</strong></span> <span class='ocrx_word' id='word_1_14' title='bbox 1137 531 1212 591; x_wconf 82' lang='lat' dir='ltr'><strong>velle</strong></span> 
     </span>
     <span class='ocr_line' id='line_1_3' title="bbox 225 608 496 683; baseline 0 -18"><span class='ocrx_word' id='word_1_15' title='bbox 225 619 254 665; x_wconf 88' lang='lat' dir='ltr'><strong>et</strong></span> <span class='ocrx_word' id='word_1_16' title='bbox 267 620 364 683; x_wconf 89' lang='lat' dir='ltr'><strong>optare</strong></span> <span class='ocrx_word' id='word_1_17' title='bbox 378 608 496 666; x_wconf 89' lang='lat' dir='ltr'><strong>debetis.</strong></span> 
     </span>
    </p>

    <p class='ocr_par' dir='ltr' id='par_1_3' title="bbox 224 685 1209 843">
     <span class='ocr_line' id='line_1_4' title="bbox 242 685 1209 765; baseline -0.001 -17"><span class='ocrx_word' id='word_1_18' title='bbox 242 700 243 703; x_wconf 76' lang='grc'>’</span> <span class='ocrx_word' id='word_1_19' title='bbox 263 687 376 757; x_wconf 80' lang='lat' dir='ltr'><strong>Quare,</strong></span> <span class='ocrx_word' id='word_1_20' title='bbox 391 686 458 744; x_wconf 82' lang='lat' dir='ltr'><strong>crim</strong></span> <span class='ocrx_word' id='word_1_21' title='bbox 480 697 508 745; x_wconf 89' lang='lat' dir='ltr'><strong>et</strong></span> <span class='ocrx_word' id='word_1_22' title='bbox 528 687 635 745; x_wconf 86' lang='lat' dir='ltr'><strong>bellum</strong></span> <span class='ocrx_word' id='word_1_23' title='bbox 650 688 690 745; x_wconf 88' lang='lat' dir='ltr'><strong>ita</strong></span> <span class='ocrx_word' id='word_1_24' title='bbox 703 685 898 745; x_wconf 88' lang='lat' dir='ltr'><strong>necessarium</strong></span> <span class='ocrx_word' id='word_1_25' title='bbox 912 686 959 759; x_wconf 84' lang='lat' dir='ltr'><strong>sit,</strong></span> <span class='ocrx_word' id='word_1_26' title='bbox 973 697 1005 745; x_wconf 93' lang='lat' dir='ltr'><strong>ut</strong></span> <span class='ocrx_word' id='word_1_27' title='bbox 1024 688 1132 765; x_wconf 84' lang='lat' dir='ltr'>negligi</span> <span class='ocrx_word' id='word_1_28' title='bbox 1151 709 1209 747; x_wconf 92' lang='lat' dir='ltr'><strong>non</strong></span> 
     </span>
     <span class='ocr_line' id='line_1_5' title="bbox 224 765 1209 843; baseline 0.003 -22"><span class='ocrx_word' id='word_1_29' title='bbox 224 765 327 841; x_wconf 88' lang='lat' dir='ltr'><strong>possit;</strong></span> <span class='ocrx_word' id='word_1_30' title='bbox 357 765 397 823; x_wconf 92' lang='lat' dir='ltr'><strong>ita</strong></span> <span class='ocrx_word' id='word_1_31' title='bbox 417 784 564 843; x_wconf 85' lang='lat' dir='ltr'><strong>magnum,</strong></span> <span class='ocrx_word' id='word_1_32' title='bbox 585 777 617 823; x_wconf 92' lang='lat' dir='ltr'><strong>ut</strong></span> <span class='ocrx_word' id='word_1_33' title='bbox 638 765 854 823; x_wconf 76' lang='lat' dir='ltr'><strong>accuratissime</strong></span> <span class='ocrx_word' id='word_1_34' title='bbox 875 766 913 823; x_wconf 87' lang='lat' dir='ltr'><strong>sit</strong></span> <span class='ocrx_word' id='word_1_35' title='bbox 934 766 1209 837; x_wconf 65' lang='lat' dir='ltr'><strong>administrandum</strong></span> 
     </span>
    </p>

    <p class='ocr_par' dir='ltr' id='par_1_4' title="bbox 190 842 1212 1234">
     <span class='ocr_line' id='line_1_6' title="bbox 190 842 1212 921; baseline 0.002 -20"><span class='ocrx_word' id='word_1_36' title='bbox 190 842 208 895; x_wconf 87' lang='lat'><strong>5</strong></span> <span class='ocrx_word' id='word_1_37' title='bbox 225 854 254 901; x_wconf 90' lang='lat' dir='ltr'><strong>et</strong></span> <span class='ocrx_word' id='word_1_38' title='bbox 274 842 341 901; x_wconf 76' lang='lat' dir='ltr'><strong>oiim</strong></span> <span class='ocrx_word' id='word_1_39' title='bbox 362 844 389 901; x_wconf 93' lang='lat' dir='ltr'><strong>ei</strong></span> <span class='ocrx_word' id='word_1_40' title='bbox 410 844 607 921; x_wconf 82' lang='lat' dir='ltr'><strong>imperatorem</strong></span> <span class='ocrx_word' id='word_1_41' title='bbox 628 845 773 920; x_wconf 78' lang='lat' dir='ltr'><strong>praeficere</strong></span> <span class='ocrx_word' id='word_1_42' title='bbox 792 844 915 920; x_wconf 87' lang='lat' dir='ltr'><strong>possitis,</strong></span> <span class='ocrx_word' id='word_1_43' title='bbox 930 844 959 902; x_wconf 92' lang='lat' dir='ltr'><strong>in</strong></span> <span class='ocrx_word' id='word_1_44' title='bbox 974 864 1030 919; x_wconf 91' lang='lat' dir='ltr'><strong>quo</strong></span> <span class='ocrx_word' id='word_1_45' title='bbox 1049 844 1087 901; x_wconf 90' lang='lat' dir='ltr'><strong>sit</strong></span> <span class='ocrx_word' id='word_1_46' title='bbox 1103 846 1212 903; x_wconf 81' lang='lat' dir='ltr'><strong>eximia</strong></span> 
     </span>
     <span class='ocr_line' id='line_1_7' title="bbox 225 922 1212 1001; baseline 0.002 -22"><span class='ocrx_word' id='word_1_47' title='bbox 225 923 292 980; x_wconf 90' lang='lat' dir='ltr'><strong>belli</strong></span> <span class='ocrx_word' id='word_1_48' title='bbox 307 923 438 994; x_wconf 89' lang='lat' dir='ltr'><strong>scientia,</strong></span> <span class='ocrx_word' id='word_1_49' title='bbox 452 923 605 1001; x_wconf 84' lang='lat' dir='ltr'><strong>singularis</strong></span> <span class='ocrx_word' id='word_1_50' title='bbox 625 922 723 994; x_wconf 89' lang='lat' dir='ltr'><strong>virtus,</strong></span> <span class='ocrx_word' id='word_1_51' title='bbox 737 923 897 998; x_wconf 83' lang='lat' dir='ltr'><strong>clarissima</strong></span> <span class='ocrx_word' id='word_1_52' title='bbox 913 923 1077 997; x_wconf 81' lang='lat' dir='ltr'><strong>auctoritas,</strong></span> <span class='ocrx_word' id='word_1_53' title='bbox 1092 925 1212 1000; x_wconf 83' lang='lat' dir='ltr'><strong>egregia</strong></span> 
     </span>
     <span class='ocr_line' id='line_1_8' title="bbox 225 1001 1210 1077; baseline 0.001 -20"><span class='ocrx_word' id='word_1_54' title='bbox 225 1001 353 1071; x_wconf 82' lang='lat' dir='ltr'><strong>fortuna3</strong></span> <span class='ocrx_word' id='word_1_55' title='bbox 378 1002 555 1073; x_wconf 88' lang='lat' dir='ltr'><strong>dubitabitis,</strong></span> <span class='ocrx_word' id='word_1_56' title='bbox 575 1002 718 1072; x_wconf 80' lang='lat' dir='ltr'><strong>Quirites,</strong></span> <span class='ocrx_word' id='word_1_57' title='bbox 738 1001 808 1076; x_wconf 92' lang='lat' dir='ltr'><strong>quin</strong></span> <span class='ocrx_word' id='word_1_58' title='bbox 827 1002 883 1059; x_wconf 88' lang='lat' dir='ltr'><strong>hoc</strong></span> <span class='ocrx_word' id='word_1_59' title='bbox 903 1011 1014 1059; x_wconf 90' lang='lat' dir='ltr'><strong>tantum</strong></span> <span class='ocrx_word' id='word_1_60' title='bbox 1036 1003 1112 1072; x_wconf 89' lang='lat' dir='ltr'><strong>boni,</strong></span> <span class='ocrx_word' id='word_1_61' title='bbox 1132 1004 1210 1077; x_wconf 88' lang='lat' dir='ltr'><strong>quod</strong></span> 
     </span>
     <span class='ocr_line' id='line_1_9' title="bbox 224 1080 1210 1157; baseline 0.002 -22"><span class='ocrx_word' id='word_1_62' title='bbox 224 1080 304 1138; x_wconf 84' lang='lat' dir='ltr'><strong>vobis</strong></span> <span class='ocrx_word' id='word_1_63' title='bbox 319 1099 336 1137; x_wconf 88' lang='lat' dir='ltr'><strong>a</strong></span> <span class='ocrx_word' id='word_1_64' title='bbox 349 1080 413 1137; x_wconf 88' lang='lat' dir='ltr'><strong>Diis</strong></span> <span class='ocrx_word' id='word_1_65' title='bbox 427 1080 633 1139; x_wconf 84' lang='lat' dir='ltr'><strong>immortalibus</strong></span> <span class='ocrx_word' id='word_1_66' title='bbox 652 1080 779 1138; x_wconf 89' lang='lat' dir='ltr'><strong>oblatum</strong></span> <span class='ocrx_word' id='word_1_67' title='bbox 800 1090 829 1137; x_wconf 91' lang='lat' dir='ltr'><strong>et</strong></span> <span class='ocrx_word' id='word_1_68' title='bbox 848 1080 947 1137; x_wconf 89' lang='lat' dir='ltr'><strong>datum</strong></span> <span class='ocrx_word' id='word_1_69' title='bbox 967 1091 1020 1151; x_wconf 86' lang='lat' dir='ltr'><strong>est,</strong></span> <span class='ocrx_word' id='word_1_70' title='bbox 1036 1081 1065 1138; x_wconf 92' lang='lat' dir='ltr'><strong>in</strong></span> <span class='ocrx_word' id='word_1_71' title='bbox 1079 1081 1210 1157; x_wconf 87' lang='lat' dir='ltr'><strong>rempub-</strong></span> 
     </span>
     <span class='ocr_line' id='line_1_10' title="bbox 225 1158 1082 1234; baseline 0 -19"><span class='ocrx_word' id='word_1_72' title='bbox 225 1158 311 1216; x_wconf 89' lang='lat' dir='ltr'><strong>licam</strong></span> <span class='ocrx_word' id='word_1_73' title='bbox 326 1161 550 1217; x_wconf 88' lang='lat' dir='ltr'><strong>conservandam</strong></span> <span class='ocrx_word' id='word_1_74' title='bbox 566 1170 650 1233; x_wconf 88' lang='lat' dir='ltr'><strong>atque</strong></span> <span class='ocrx_word' id='word_1_75' title='bbox 665 1158 896 1234; x_wconf 86' lang='lat' dir='ltr'><strong>amplificandam</strong></span> <span class='ocrx_word' id='word_1_76' title='bbox 909 1159 1082 1217; x_wconf 86' lang='lat' dir='ltr'><strong>conseratisl</strong></span> 
     </span>
    </p>

    <p class='ocr_par' dir='ltr' id='par_1_5' title="bbox 174 1237 1210 1627">
     <span class='ocr_line' id='line_1_11' title="bbox 174 1237 1210 1313; baseline 0.006 -24"><span class='ocrx_word' id='word_1_77' title='bbox 174 1237 208 1290; x_wconf 88' lang='grc'><strong>10</strong></span> <span class='ocrx_word' id='word_1_78' title='bbox 265 1237 366 1295; x_wconf 92' lang='lat' dir='ltr'><strong>XVII.</strong></span> <span class='ocrx_word' id='word_1_79' title='bbox 386 1237 478 1300; x_wconf 77' lang='lat' dir='ltr'><strong>Quod</strong></span> <span class='ocrx_word' id='word_1_80' title='bbox 499 1238 523 1295; x_wconf 87' lang='lat' dir='ltr'><strong>si</strong></span> <span class='ocrx_word' id='word_1_81' title='bbox 544 1237 646 1295; x_wconf 87' lang='lat' dir='ltr'><strong>Romae</strong></span> <span class='ocrx_word' id='word_1_82' title='bbox 667 1238 721 1295; x_wconf 86' lang='lat' dir='ltr'><strong>Cn.</strong></span> <span class='ocrx_word' id='word_1_83' title='bbox 744 1237 895 1313; x_wconf 89' lang='lat' dir='ltr'><strong>Pompeius</strong></span> <span class='ocrx_word' id='word_1_84' title='bbox 914 1238 1040 1313; x_wconf 88' lang='lat' dir='ltr'><strong>privatus</strong></span> <span class='ocrx_word' id='word_1_85' title='bbox 1060 1248 1134 1295; x_wconf 87' lang='lat' dir='ltr'><strong>esset</strong></span> <span class='ocrx_word' id='word_1_86' title='bbox 1153 1238 1210 1295; x_wconf 89' lang='lat' dir='ltr'><strong>hoc</strong></span> 
     </span>
     <span class='ocr_line' id='line_1_12' title="bbox 225 1315 1210 1392; baseline 0.001 -19"><span class='ocrx_word' id='word_1_87' title='bbox 225 1326 368 1391; x_wconf 87' lang='lat' dir='ltr'><strong>tempore;</strong></span> <span class='ocrx_word' id='word_1_88' title='bbox 389 1327 485 1374; x_wconf 88' lang='lat' dir='ltr'><strong>tamen</strong></span> <span class='ocrx_word' id='word_1_89' title='bbox 501 1317 536 1374; x_wconf 88' lang='lat' dir='ltr'><strong>ad</strong></span> <span class='ocrx_word' id='word_1_90' title='bbox 550 1326 661 1373; x_wconf 90' lang='lat' dir='ltr'><strong>tantum</strong></span> <span class='ocrx_word' id='word_1_91' title='bbox 682 1315 788 1372; x_wconf 92' lang='lat' dir='ltr'><strong>bellum</strong></span> <span class='ocrx_word' id='word_1_92' title='bbox 809 1317 833 1373; x_wconf 93' lang='lat' dir='ltr'><strong>is</strong></span> <span class='ocrx_word' id='word_1_93' title='bbox 853 1328 915 1373; x_wconf 89' lang='lat' dir='ltr'><strong>erat</strong></span> <span class='ocrx_word' id='word_1_94' title='bbox 934 1316 1104 1392; x_wconf 85' lang='lat' dir='ltr'><strong>deligendus</strong></span> <span class='ocrx_word' id='word_1_95' title='bbox 1123 1326 1210 1390; x_wconf 89' lang='lat' dir='ltr'><strong>atque</strong></span> 
     </span>
     <span class='ocr_line' id='line_1_13' title="bbox 226 1392 1208 1465; baseline 0.001 -14"><span class='ocrx_word' id='word_1_96' title='bbox 226 1395 390 1453; x_wconf 89' lang='lat' dir='ltr'><strong>mittendus.</strong></span> <span class='ocrx_word' id='word_1_97' title='bbox 432 1395 530 1465; x_wconf 91' lang='lat' dir='ltr'><strong>Nunc,</strong></span> <span class='ocrx_word' id='word_1_98' title='bbox 552 1392 620 1452; x_wconf 85' lang='lat' dir='ltr'><strong>cirm</strong></span> <span class='ocrx_word' id='word_1_99' title='bbox 642 1396 677 1451; x_wconf 91' lang='lat' dir='ltr'><strong>ad</strong></span> <span class='ocrx_word' id='word_1_100' title='bbox 699 1404 817 1451; x_wconf 86' lang='lat' dir='ltr'><strong>caeteras</strong></span> <span class='ocrx_word' id='word_1_101' title='bbox 843 1414 970 1451; x_wconf 87' lang='lat' dir='ltr'><strong>summas</strong></span> <span class='ocrx_word' id='word_1_102' title='bbox 990 1395 1126 1452; x_wconf 83' lang='lat' dir='ltr'><strong>utilitates</strong></span> <span class='ocrx_word' id='word_1_103' title='bbox 1146 1396 1208 1453; x_wconf 85' lang='lat' dir='ltr'><strong>haec</strong></span> 
     </span>
     <span class='ocr_line' id='line_1_14' title="bbox 227 1472 1210 1551; baseline 0.001 -21"><span class='ocrx_word' id='word_1_104' title='bbox 227 1493 339 1548; x_wconf 90' lang='lat' dir='ltr'><strong>quoque</strong></span> <span class='ocrx_word' id='word_1_105' title='bbox 358 1475 551 1551; x_wconf 79' lang='lat' dir='ltr'><strong>opportunitas</strong></span> <span class='ocrx_word' id='word_1_106' title='bbox 573 1472 754 1549; x_wconf 87' lang='lat' dir='ltr'><strong>adjungatur,</strong></span> <span class='ocrx_word' id='word_1_107' title='bbox 768 1483 800 1529; x_wconf 90' lang='lat' dir='ltr'><strong>ut</strong></span> <span class='ocrx_word' id='word_1_108' title='bbox 820 1473 850 1531; x_wconf 88' lang='lat' dir='ltr'><strong>in</strong></span> <span class='ocrx_word' id='word_1_109' title='bbox 865 1473 900 1530; x_wconf 90' lang='lat' dir='ltr'><strong>iis</strong></span> <span class='ocrx_word' id='word_1_110' title='bbox 914 1473 982 1549; x_wconf 88' lang='lat' dir='ltr'><strong>ipsis</strong></span> <span class='ocrx_word' id='word_1_111' title='bbox 994 1474 1066 1531; x_wconf 89' lang='lat' dir='ltr'><strong>locis</strong></span> <span class='ocrx_word' id='word_1_112' title='bbox 1080 1473 1163 1544; x_wconf 89' lang='lat' dir='ltr'><strong>adsit,</strong></span> <span class='ocrx_word' id='word_1_113' title='bbox 1177 1484 1210 1531; x_wconf 91' lang='lat' dir='ltr'><strong>ut</strong></span> 
     </span>
     <span class='ocr_line' id='line_1_15' title="bbox 226 1552 1210 1627; baseline -0.003 -17"><span class='ocrx_word' id='word_1_114' title='bbox 226 1554 330 1611; x_wconf 89' lang='lat' dir='ltr'><strong>habeat</strong></span> <span class='ocrx_word' id='word_1_115' title='bbox 344 1554 512 1624; x_wconf 87' lang='lat' dir='ltr'><strong>exercitum,</strong></span> <span class='ocrx_word' id='word_1_116' title='bbox 526 1562 558 1609; x_wconf 92' lang='lat' dir='ltr'><strong>ut</strong></span> <span class='ocrx_word' id='word_1_117' title='bbox 579 1552 616 1608; x_wconf 90' lang='lat' dir='ltr'><strong>ab</strong></span> <span class='ocrx_word' id='word_1_118' title='bbox 635 1552 680 1623; x_wconf 88' lang='lat' dir='ltr'><strong>iis,</strong></span> <span class='ocrx_word' id='word_1_119' title='bbox 694 1552 744 1626; x_wconf 92' lang='lat' dir='ltr'><strong>qui</strong></span> <span class='ocrx_word' id='word_1_120' title='bbox 763 1552 879 1622; x_wconf 88' lang='lat' dir='ltr'><strong>habent,</strong></span> <span class='ocrx_word' id='word_1_121' title='bbox 894 1552 1025 1627; x_wconf 88' lang='lat' dir='ltr'><strong>accipere</strong></span> <span class='ocrx_word' id='word_1_122' title='bbox 1039 1553 1133 1609; x_wconf 90' lang='lat' dir='ltr'><strong>statim</strong></span> <span class='ocrx_word' id='word_1_123' title='bbox 1148 1572 1210 1627; x_wconf 91' lang='lat' dir='ltr'><strong>pos·</strong></span> 
     </span>
    </p>

    <p class='ocr_par' dir='ltr' id='par_1_6' title="bbox 177 1630 1210 1707">
     <span class='ocr_line' id='line_1_16' title="bbox 177 1630 1210 1707; baseline 0.004 -23"><span class='ocrx_word' id='word_1_124' title='bbox 177 1630 209 1685; x_wconf 81' lang='lat'><strong>15</strong></span> <span class='ocrx_word' id='word_1_125' title='bbox 226 1632 278 1701; x_wconf 90' lang='lat' dir='ltr'><strong>sit;</strong></span> <span class='ocrx_word' id='word_1_126' title='bbox 299 1631 368 1707; x_wconf 89' lang='lat' dir='ltr'><strong>quid</strong></span> <span class='ocrx_word' id='word_1_127' title='bbox 383 1632 600 1707; x_wconf 86' lang='lat' dir='ltr'><strong>exspectamusl</strong></span> <span class='ocrx_word' id='word_1_128' title='bbox 623 1640 672 1687; x_wconf 86' lang='lat' dir='ltr'><strong>aut</strong></span> <span class='ocrx_word' id='word_1_129' title='bbox 686 1650 738 1687; x_wconf 88' lang='lat' dir='ltr'><strong>cur</strong></span> <span class='ocrx_word' id='word_1_130' title='bbox 751 1651 819 1701; x_wconf 88' lang='lat' dir='ltr'><strong>non,</strong></span> <span class='ocrx_word' id='word_1_131' title='bbox 830 1631 953 1688; x_wconf 91' lang='lat' dir='ltr'><strong>ducibus</strong></span> <span class='ocrx_word' id='word_1_132' title='bbox 966 1631 1032 1687; x_wconf 88' lang='lat' dir='ltr'><strong>Diis</strong></span> <span class='ocrx_word' id='word_1_133' title='bbox 1045 1630 1210 1688; x_wconf 87' lang='lat' dir='ltr'><strong>immortali·</strong></span> 
     </span>
    </p>

    <p class='ocr_par' dir='ltr' id='par_1_7' title="bbox 205 1708 1210 1863">
     <span class='ocr_line' id='line_1_17' title="bbox 205 1708 1210 1784; baseline -0.001 -18"><span class='ocrx_word' id='word_1_134' title='bbox 205 1777 208 1783; x_wconf 25' lang='grc' dir='ltr'>Ι</span> <span class='ocrx_word' id='word_1_135' title='bbox 226 1710 289 1779; x_wconf 88' lang='lat' dir='ltr'><strong>bus,</strong></span> <span class='ocrx_word' id='word_1_136' title='bbox 304 1710 471 1780; x_wconf 67' lang='lat' dir='ltr'><strong>eidem-cui</strong></span> <span class='ocrx_word' id='word_1_137' title='bbox 492 1721 605 1780; x_wconf 84' lang='lat' dir='ltr'><strong>caetera,</strong></span> <span class='ocrx_word' id='word_1_138' title='bbox 620 1709 733 1765; x_wconf 70' lang='lat' dir='ltr'><strong>summi</strong></span> <span class='ocrx_word' id='word_1_139' title='bbox 747 1727 814 1766; x_wconf 91' lang='lat' dir='ltr'><strong>cum</strong></span> <span class='ocrx_word' id='word_1_140' title='bbox 832 1709 924 1766; x_wconf 88' lang='lat' dir='ltr'><strong>salute</strong></span> <span class='ocrx_word' id='word_1_141' title='bbox 943 1708 1118 1784; x_wconf 76' lang='lat' dir='ltr'><strong>reipublice,</strong></span> <span class='ocrx_word' id='word_1_142' title='bbox 1133 1728 1210 1767; x_wconf 91' lang='lat' dir='ltr'><strong>com·</strong></span> 
     </span>
     <span class='ocr_line' id='line_1_18' title="bbox 226 1786 1082 1863; baseline 0.002 -20"><span class='ocrx_word' id='word_1_143' title='bbox 226 1788 313 1844; x_wconf 86' lang='lat' dir='ltr'><strong>missa</strong></span> <span class='ocrx_word' id='word_1_144' title='bbox 327 1798 403 1857; x_wconf 86' lang='lat' dir='ltr'><strong>sunt,</strong></span> <span class='ocrx_word' id='word_1_145' title='bbox 418 1788 472 1845; x_wconf 90' lang='lat' dir='ltr'><strong>hoc</strong></span> <span class='ocrx_word' id='word_1_146' title='bbox 486 1806 597 1862; x_wconf 90' lang='lat' dir='ltr'><strong>quoque</strong></span> <span class='ocrx_word' id='word_1_147' title='bbox 611 1787 719 1843; x_wconf 90' lang='lat' dir='ltr'><strong>bellum</strong></span> <span class='ocrx_word' id='word_1_148' title='bbox 733 1788 844 1863; x_wconf 85' lang='lat' dir='ltr'><strong>regium</strong></span> <span class='ocrx_word' id='word_1_149' title='bbox 858 1786 1082 1845; x_wconf 89' lang='lat' dir='ltr'><strong>committimusl</strong></span> 
     </span>
    </p>

    <p class='ocr_par' dir='ltr' id='par_1_8' title="bbox 265 1865 1210 1942">
     <span class='ocr_line' id='line_1_19' title="bbox 265 1865 1210 1942; baseline 0.003 -21"><span class='ocrx_word' id='word_1_150' title='bbox 265 1866 306 1921; x_wconf 89' lang='lat' dir='ltr'><strong>At</strong></span> <span class='ocrx_word' id='word_1_151' title='bbox 326 1865 403 1921; x_wconf 91' lang='lat' dir='ltr'><strong>enim</strong></span> <span class='ocrx_word' id='word_1_152' title='bbox 423 1866 465 1923; x_wconf 90' lang='lat' dir='ltr'><strong>vir</strong></span> <span class='ocrx_word' id='word_1_153' title='bbox 486 1865 670 1937; x_wconf 87' lang='lat' dir='ltr'><strong>clarissimus,</strong></span> <span class='ocrx_word' id='word_1_154' title='bbox 688 1866 900 1923; x_wconf 89' lang='lat' dir='ltr'><strong>amantissimus</strong></span> <span class='ocrx_word' id='word_1_155' title='bbox 920 1866 1094 1942; x_wconf 79' lang='lat' dir='ltr'><strong>reipublicae,</strong></span> <span class='ocrx_word' id='word_1_156' title='bbox 1108 1867 1210 1924; x_wconf 89' lang='lat' dir='ltr'><strong>vestris</strong></span> 
     </span>
    </p>

    <p class='ocr_par' dir='ltr' id='par_1_9' title="bbox 225 1942 1209 2019">
     <span class='ocr_line' id='line_1_20' title="bbox 225 1942 1209 2019; baseline 0.003 -20"><span class='ocrx_word' id='word_1_157' title='bbox 225 1942 374 2001; x_wconf 88' lang='lat' dir='ltr'><strong>beneficiis</strong></span> <span class='ocrx_word' id='word_1_158' title='bbox 395 1944 575 2019; x_wconf 81' lang='lat' dir='ltr'><strong>amplissimis</strong></span> <span class='ocrx_word' id='word_1_159' title='bbox 597 1944 725 2015; x_wconf 85' lang='lat' dir='ltr'><strong>affectus,</strong></span> <span class='ocrx_word' id='word_1_160' title='bbox 743 1946 783 2007; x_wconf 82' lang='lat' dir='ltr'><strong>Q.</strong></span> <span class='ocrx_word' id='word_1_161' title='bbox 799 1945 930 2015; x_wconf 83' lang='lat' dir='ltr'><strong>Catulus,</strong></span> <span class='ocrx_word' id='word_1_162' title='bbox 945 1946 1070 2019; x_wconf 89' lang='lat' dir='ltr'><strong>itemque</strong></span> <span class='ocrx_word' id='word_1_163' title='bbox 1090 1946 1209 2003; x_wconf 88' lang='lat' dir='ltr'><strong>summis</strong></span> 
     </span>
    </p>

    <p class='ocr_par' dir='ltr' id='par_1_10' title="bbox 173 2021 1209 2399">
     <span class='ocr_line' id='line_1_21' title="bbox 173 2021 1207 2099; baseline 0.002 -20"><span class='ocrx_word' id='word_1_164' title='bbox 173 2028 208 2083; x_wconf 69' lang='lat'><strong>20</strong></span> <span class='ocrx_word' id='word_1_165' title='bbox 225 2021 400 2079; x_wconf 85' lang='lat' dir='ltr'><strong>ornamentis</strong></span> <span class='ocrx_word' id='word_1_166' title='bbox 421 2023 545 2094; x_wconf 88' lang='lat' dir='ltr'><strong>honoris,</strong></span> <span class='ocrx_word' id='word_1_167' title='bbox 569 2024 697 2093; x_wconf 87' lang='lat' dir='ltr'><strong>lortunae,</strong></span> <span class='ocrx_word' id='word_1_168' title='bbox 721 2024 842 2094; x_wconf 87' lang='lat' dir='ltr'><strong>virtutis,</strong></span> <span class='ocrx_word' id='word_1_169' title='bbox 867 2023 975 2099; x_wconf 88' lang='lat' dir='ltr'><strong>ingenii</strong></span> <span class='ocrx_word' id='word_1_170' title='bbox 1001 2024 1146 2099; x_wconf 74' lang='lat' dir='ltr'><strong>praeditus,</strong></span> <span class='ocrx_word' id='word_1_171' title='bbox 1166 2024 1207 2085; x_wconf 81' lang='lat' dir='ltr'><strong>Q.</strong></span> 
     </span>
     <span class='ocr_line' id='line_1_22' title="bbox 226 2101 1209 2178; baseline 0 -20"><span class='ocrx_word' id='word_1_172' title='bbox 226 2101 407 2173; x_wconf 83' lang='lat' dir='ltr'><strong>Hortensius,</strong></span> <span class='ocrx_word' id='word_1_173' title='bbox 423 2102 459 2159; x_wconf 91' lang='lat' dir='ltr'><strong>ab</strong></span> <span class='ocrx_word' id='word_1_174' title='bbox 473 2103 529 2160; x_wconf 91' lang='lat' dir='ltr'><strong>hac</strong></span> <span class='ocrx_word' id='word_1_175' title='bbox 543 2102 651 2160; x_wconf 91' lang='lat' dir='ltr'><strong>ratione</strong></span> <span class='ocrx_word' id='word_1_176' title='bbox 665 2102 853 2160; x_wconf 89' lang='lat' dir='ltr'><strong>dissentiunt:</strong></span> <span class='ocrx_word' id='word_1_177' title='bbox 875 2120 1068 2178; x_wconf 81' lang='lat' dir='ltr'><strong>quorumego</strong></span> <span class='ocrx_word' id='word_1_178' title='bbox 1088 2103 1209 2160; x_wconf 83' lang='lat' dir='ltr'><strong>auctori-</strong></span> 
     </span>
     <span class='ocr_line' id='line_1_23' title="bbox 225 2179 1208 2258; baseline -0.001 -19"><span class='ocrx_word' id='word_1_179' title='bbox 225 2190 313 2239; x_wconf 92' lang='lat' dir='ltr'><strong>tatem</strong></span> <span class='ocrx_word' id='word_1_180' title='bbox 335 2182 409 2258; x_wconf 92' lang='lat' dir='ltr'><strong>apud</strong></span> <span class='ocrx_word' id='word_1_181' title='bbox 430 2192 490 2240; x_wconf 83' lang='lat' dir='ltr'><strong>vos&#39;</strong></span> <span class='ocrx_word' id='word_1_182' title='bbox 505 2181 602 2240; x_wconf 91' lang='lat' dir='ltr'><strong>multis</strong></span> <span class='ocrx_word' id='word_1_183' title='bbox 627 2181 699 2240; x_wconf 90' lang='lat' dir='ltr'><strong>locis</strong></span> <span class='ocrx_word' id='word_1_184' title='bbox 725 2179 879 2258; x_wconf 74' lang='lat' dir='ltr'><strong>plurimum</strong></span> <span class='ocrx_word' id='word_1_185' title='bbox 905 2180 1038 2252; x_wconf 86' lang='lat' dir='ltr'><strong>valuisse,</strong></span> <span class='ocrx_word' id='word_1_186' title='bbox 1059 2191 1088 2238; x_wconf 92' lang='lat' dir='ltr'><strong>et</strong></span> <span class='ocrx_word' id='word_1_187' title='bbox 1114 2181 1208 2239; x_wconf 87' lang='lat' dir='ltr'><strong>valere</strong></span> 
     </span>
     <span class='ocr_line' id='line_1_24' title="bbox 225 2259 1208 2336; baseline -0.003 -17"><span class='ocrx_word' id='word_1_188' title='bbox 225 2272 363 2336; x_wconf 82' lang='lat' dir='ltr'><strong>oportere,</strong></span> <span class='ocrx_word' id='word_1_189' title='bbox 385 2262 537 2332; x_wconf 89' lang='lat' dir='ltr'><strong>confiteor;</strong></span> <span class='ocrx_word' id='word_1_190' title='bbox 565 2262 615 2318; x_wconf 83' lang='lat' dir='ltr'><strong>sed</strong></span> <span class='ocrx_word' id='word_1_191' title='bbox 642 2261 672 2319; x_wconf 90' lang='lat' dir='ltr'><strong>in</strong></span> <span class='ocrx_word' id='word_1_192' title='bbox 700 2262 755 2318; x_wconf 89' lang='lat' dir='ltr'><strong>hac</strong></span> <span class='ocrx_word' id='word_1_193' title='bbox 782 2261 881 2331; x_wconf 72' lang='lat' dir='ltr'><strong>causi,</strong></span> <span class='ocrx_word' id='word_1_194' title='bbox 901 2259 1015 2317; x_wconf 90' lang='lat' dir='ltr'><strong>tametsi</strong></span> <span class='ocrx_word' id='word_1_195' title='bbox 1036 2261 1208 2336; x_wconf 79' lang='lat' dir='ltr'><strong>cognoscitis</strong></span> 
     </span>
     <span class='ocr_line' id='line_1_25' title="bbox 227 2339 1209 2399; baseline 0 -3"><span class='ocrx_word' id='word_1_196' title='bbox 227 2340 410 2398; x_wconf 83' lang='lat' dir='ltr'><strong>auctoritates</strong></span> <span class='ocrx_word' id='word_1_197' title='bbox 430 2340 587 2399; x_wconf 90' lang='lat' dir='ltr'><strong>contrarias</strong></span> <span class='ocrx_word' id='word_1_198' title='bbox 607 2339 731 2397; x_wconf 88' lang='lat' dir='ltr'><strong>virorum</strong></span> <span class='ocrx_word' id='word_1_199' title='bbox 756 2339 970 2397; x_wconf 85' lang='lat' dir='ltr'><strong>fortissimorum</strong></span> <span class='ocrx_word' id='word_1_200' title='bbox 990 2348 1020 2395; x_wconf 92' lang='lat' dir='ltr'><strong>et</strong></span> <span class='ocrx_word' id='word_1_201' title='bbox 1040 2339 1209 2396; x_wconf 89' lang='lat' dir='ltr'><strong>clarissimo·</strong></span> 
     </span>
    </p>

    <p class='ocr_par' dir='ltr' id='par_1_11' title="bbox 172 2417 1208 2804">
     <span class='ocr_line' id='line_1_26' title="bbox 172 2417 1208 2493; baseline -0.003 -17"><span class='ocrx_word' id='word_1_202' title='bbox 172 2423 208 2476; x_wconf 77' lang='lat'><strong>25</strong></span> <span class='ocrx_word' id='word_1_203' title='bbox 226 2438 299 2488; x_wconf 92' lang='lat' dir='ltr'><strong>rum,</strong></span> <span class='ocrx_word' id='word_1_204' title='bbox 314 2428 420 2488; x_wconf 89' lang='lat' dir='ltr'><strong>tamen,</strong></span> <span class='ocrx_word' id='word_1_205' title='bbox 434 2419 547 2476; x_wconf 89' lang='lat' dir='ltr'><strong>omissis</strong></span> <span class='ocrx_word' id='word_1_206' title='bbox 568 2418 794 2484; x_wconf 83' lang='lat' dir='ltr'><strong>auctoritatibus,</strong></span> <span class='ocrx_word' id='word_1_207' title='bbox 809 2417 870 2493; x_wconf 71' lang='lat' dir='ltr'><strong>ipsi</strong></span> <span class='ocrx_word' id='word_1_208' title='bbox 890 2437 921 2474; x_wconf 91' lang='lat' dir='ltr'><strong>re</strong></span> <span class='ocrx_word' id='word_1_209' title='bbox 941 2428 970 2474; x_wconf 91' lang='lat' dir='ltr'><strong>et</strong></span> <span class='ocrx_word' id='word_1_210' title='bbox 989 2417 1100 2475; x_wconf 89' lang='lat' dir='ltr'><strong>ratione</strong></span> <span class='ocrx_word' id='word_1_211' title='bbox 1113 2417 1208 2492; x_wconf 86' lang='lat' dir='ltr'><strong>exqui-</strong></span> 
     </span>
     <span class='ocr_line' id='line_1_27' title="bbox 225 2494 1206 2572; baseline 0 -20"><span class='ocrx_word' id='word_1_212' title='bbox 225 2515 289 2552; x_wconf 87' lang='lat' dir='ltr'><strong>rere</strong></span> <span class='ocrx_word' id='word_1_213' title='bbox 308 2514 457 2570; x_wconf 90' lang='lat' dir='ltr'><strong>pcssumus</strong></span> <span class='ocrx_word' id='word_1_214' title='bbox 470 2497 634 2564; x_wconf 87' lang='lat' dir='ltr'><strong>veritatem;</strong></span> <span class='ocrx_word' id='word_1_215' title='bbox 657 2506 742 2570; x_wconf 88' lang='lat' dir='ltr'><strong>atque</strong></span> <span class='ocrx_word' id='word_1_216' title='bbox 756 2497 810 2554; x_wconf 91' lang='lat' dir='ltr'><strong>hoc</strong></span> <span class='ocrx_word' id='word_1_217' title='bbox 825 2494 948 2568; x_wconf 77' lang='lat' dir='ltr'><strong>facilius,</strong></span> <span class='ocrx_word' id='word_1_218' title='bbox 961 2495 1039 2572; x_wconf 79' lang='lat' dir='ltr'><strong>quod</strong></span> <span class='ocrx_word' id='word_1_219' title='bbox 1053 2515 1089 2554; x_wconf 88' lang='lat' dir='ltr'><strong>ea</strong></span> <span class='ocrx_word' id='word_1_220' title='bbox 1101 2495 1206 2567; x_wconf 90' lang='lat' dir='ltr'><strong>omnia,</strong></span> 
     </span>
     <span class='ocr_line' id='line_1_28' title="bbox 226 2573 1206 2647; baseline 0 -17"><span class='ocrx_word' id='word_1_221' title='bbox 226 2592 289 2647; x_wconf 85' lang='lat' dir='ltr'><strong>quae</strong></span> <span class='ocrx_word' id='word_1_222' title='bbox 305 2573 399 2630; x_wconf 87' lang='lat' dir='ltr'><strong>adhuc</strong></span> <span class='ocrx_word' id='word_1_223' title='bbox 415 2591 431 2630; x_wconf 91' lang='lat' dir='ltr'><strong>a</strong></span> <span class='ocrx_word' id='word_1_224' title='bbox 445 2593 491 2630; x_wconf 95' lang='lat' dir='ltr'><strong>me</strong></span> <span class='ocrx_word' id='word_1_225' title='bbox 505 2575 673 2643; x_wconf 87' lang='lat' dir='ltr'><strong>dictasunt,</strong></span> <span class='ocrx_word' id='word_1_226' title='bbox 689 2575 776 2632; x_wconf 89' lang='lat' dir='ltr'><strong>iidem</strong></span> <span class='ocrx_word' id='word_1_227' title='bbox 797 2575 844 2632; x_wconf 90' lang='lat' dir='ltr'><strong>isti</strong></span> <span class='ocrx_word' id='word_1_228' title='bbox 864 2593 932 2632; x_wconf 90' lang='lat' dir='ltr'><strong>vera</strong></span> <span class='ocrx_word' id='word_1_229' title='bbox 950 2594 1014 2632; x_wconf 88' lang='lat' dir='ltr'><strong>esse</strong></span> <span class='ocrx_word' id='word_1_230' title='bbox 1034 2575 1206 2645; x_wconf 90' lang='lat' dir='ltr'><strong>concedunt,</strong></span> 
     </span>
     <span class='ocr_line' id='line_1_29' title="bbox 226 2649 1206 2730; baseline 0.003 -23"><span class='ocrx_word' id='word_1_231' title='bbox 226 2660 254 2707; x_wconf 93' lang='lat' dir='ltr'><strong>et</strong></span> <span class='ocrx_word' id='word_1_232' title='bbox 281 2649 475 2708; x_wconf 89' lang='lat' dir='ltr'><strong>necessarium</strong></span> <span class='ocrx_word' id='word_1_233' title='bbox 504 2652 609 2709; x_wconf 91' lang='lat' dir='ltr'><strong>bellum</strong></span> <span class='ocrx_word' id='word_1_234' title='bbox 636 2673 709 2724; x_wconf 87' lang='lat' dir='ltr'><strong>esse,</strong></span> <span class='ocrx_word' id='word_1_235' title='bbox 730 2664 760 2710; x_wconf 91' lang='lat' dir='ltr'><strong>et</strong></span> <span class='ocrx_word' id='word_1_236' title='bbox 785 2672 932 2730; x_wconf 84' lang='lat' dir='ltr'><strong>magnum,</strong></span> <span class='ocrx_word' id='word_1_237' title='bbox 952 2664 982 2712; x_wconf 91' lang='lat' dir='ltr'><strong>et</strong></span> <span class='ocrx_word' id='word_1_238' title='bbox 1008 2653 1038 2710; x_wconf 93' lang='lat' dir='ltr'><strong>in</strong></span> <span class='ocrx_word' id='word_1_239' title='bbox 1065 2672 1123 2711; x_wconf 91' lang='lat' dir='ltr'><strong>uno</strong></span> <span class='ocrx_word' id='word_1_240' title='bbox 1152 2653 1206 2710; x_wconf 87' lang='lat' dir='ltr'><strong>Cn.</strong></span> 
     </span>
     <span class='ocr_line' id='line_1_30' title="bbox 225 2728 1125 2804; baseline 0.004 -18"><span class='ocrx_word' id='word_1_241' title='bbox 225 2728 361 2804; x_wconf 91' lang='lat' dir='ltr'><strong>Pompeio</strong></span> <span class='ocrx_word' id='word_1_242' title='bbox 375 2748 486 2788; x_wconf 90' lang='lat' dir='ltr'><strong>summa</strong></span> <span class='ocrx_word' id='word_1_243' title='bbox 500 2749 562 2788; x_wconf 90' lang='lat' dir='ltr'><strong>esse</strong></span> <span class='ocrx_word' id='word_1_244' title='bbox 575 2731 680 2789; x_wconf 88' lang='lat' dir='ltr'><strong>omnia.</strong></span> <span class='ocrx_word' id='word_1_245' title='bbox 1122 2781 1125 2784; x_wconf 90' lang='lat'><strong>.</strong></span> 
     </span>
    </p>

    <p class='ocr_par' dir='ltr' id='par_1_12' title="bbox 172 2807 1209 3202">
     <span class='ocr_line' id='line_1_31' title="bbox 172 2807 1207 2884; baseline -0.005 -12"><span class='ocrx_word' id='word_1_246' title='bbox 172 2819 208 2873; x_wconf 91' lang='grc'><strong>30</strong></span> <span class='ocrx_word' id='word_1_247' title='bbox 263 2807 345 2870; x_wconf 79' lang='lat' dir='ltr'><strong>Quid</strong></span> <span class='ocrx_word' id='word_1_248' title='bbox 361 2808 446 2884; x_wconf 85' lang='lat' dir='ltr'><strong>igitur</strong></span> <span class='ocrx_word' id='word_1_249' title='bbox 462 2810 501 2866; x_wconf 89' lang='lat' dir='ltr'><strong>ait</strong></span> <span class='ocrx_word' id='word_1_250' title='bbox 516 2809 708 2867; x_wconf 86' lang='lat' dir='ltr'><strong>Hortensiusl</strong></span> <span class='ocrx_word' id='word_1_251' title='bbox 743 2810 776 2866; x_wconf 83' lang='lat' dir='ltr'><strong>Si</strong></span> <span class='ocrx_word' id='word_1_252' title='bbox 790 2810 840 2868; x_wconf 90' lang='lat' dir='ltr'><strong>uni</strong></span> <span class='ocrx_word' id='word_1_253' title='bbox 853 2810 950 2868; x_wconf 92' lang='lat' dir='ltr'><strong>omnia</strong></span> <span class='ocrx_word' id='word_1_254' title='bbox 963 2811 1116 2869; x_wconf 88' lang='lat' dir='ltr'><strong>tribuenda</strong></span> <span class='ocrx_word' id='word_1_255' title='bbox 1131 2820 1207 2881; x_wconf 91' lang='lat' dir='ltr'><strong>sunt,</strong></span> 
     </span>
     <span class='ocr_line' id='line_1_32' title="bbox 225 2887 1207 2964; baseline 0.003 -21"><span class='ocrx_word' id='word_1_256' title='bbox 225 2906 315 2944; x_wconf 90' lang='lat' dir='ltr'><strong>unum</strong></span> <span class='ocrx_word' id='word_1_257' title='bbox 344 2887 543 2964; x_wconf 86' lang='lat' dir='ltr'><strong>dignissimum</strong></span> <span class='ocrx_word' id='word_1_258' title='bbox 564 2888 626 2946; x_wconf 85' lang='lat' dir='ltr'><strong>esse</strong></span> <span class='ocrx_word' id='word_1_259' title='bbox 652 2889 838 2964; x_wconf 82' lang='lat' dir='ltr'><strong>Pompeium3</strong></span> <span class='ocrx_word' id='word_1_260' title='bbox 872 2891 923 2947; x_wconf 87' lang='lat' dir='ltr'><strong>sed</strong></span> <span class='ocrx_word' id='word_1_261' title='bbox 944 2891 980 2947; x_wconf 89' lang='lat' dir='ltr'><strong>ad</strong></span> <span class='ocrx_word' id='word_1_262' title='bbox 1001 2909 1091 2948; x_wconf 90' lang='lat' dir='ltr'><strong>unum</strong></span> <span class='ocrx_word' id='word_1_263' title='bbox 1110 2901 1207 2947; x_wconf 89' lang='lat' dir='ltr'><strong>tamen</strong></span> 
     </span>
     <span class='ocr_line' id='line_1_33' title="bbox 224 2966 1208 3044; baseline -0.001 -18"><span class='ocrx_word' id='word_1_264' title='bbox 224 2966 322 3026; x_wconf 86' lang='lat' dir='ltr'><strong>omnia</strong></span> <span class='ocrx_word' id='word_1_265' title='bbox 341 2967 445 3024; x_wconf 87' lang='lat' dir='ltr'><strong>deferri</strong></span> <span class='ocrx_word' id='word_1_266' title='bbox 466 2987 523 3025; x_wconf 91' lang='lat' dir='ltr'><strong>non</strong></span> <span class='ocrx_word' id='word_1_267' title='bbox 542 2978 678 3044; x_wconf 90' lang='lat' dir='ltr'><strong>oportere.</strong></span> <span class='ocrx_word' id='word_1_268' title='bbox 719 2967 868 3026; x_wconf 87' lang='lat' dir='ltr'><strong>Obsolevit</strong></span> <span class='ocrx_word' id='word_1_269' title='bbox 892 2968 952 3044; x_wconf 85' lang='lat' dir='ltr'><strong>jam</strong></span> <span class='ocrx_word' id='word_1_270' title='bbox 976 2969 1031 3026; x_wconf 89' lang='lat' dir='ltr'><strong>ista</strong></span> <span class='ocrx_word' id='word_1_271' title='bbox 1056 2970 1156 3039; x_wconf 90' lang='lat' dir='ltr'><strong>oratio,</strong></span> <span class='ocrx_word' id='word_1_272' title='bbox 1176 2987 1208 3025; x_wconf 89' lang='lat' dir='ltr'><strong>re</strong></span> 
     </span>
     <span class='ocr_line' id='line_1_34' title="bbox 225 3044 1209 3122; baseline 0.001 -20"><span class='ocrx_word' id='word_1_273' title='bbox 225 3045 315 3104; x_wconf 76' lang='lat' dir='ltr'><strong>multo</strong></span> <span class='ocrx_word' id='word_1_274' title='bbox 336 3045 428 3122; x_wconf 83' lang='lat' dir='ltr'><strong>magis</strong></span> <span class='ocrx_word' id='word_1_275' title='bbox 449 3044 535 3121; x_wconf 71' lang='lat' dir='ltr'><strong>quam</strong></span> <span class='ocrx_word' id='word_1_276' title='bbox 556 3046 649 3104; x_wconf 90' lang='lat' dir='ltr'><strong>verbis</strong></span> <span class='ocrx_word' id='word_1_277' title='bbox 669 3047 800 3104; x_wconf 78' lang='lat' dir='ltr'><strong>refutata.</strong></span> <span class='ocrx_word' id='word_1_278' title='bbox 841 3046 919 3104; x_wconf 89' lang='lat' dir='ltr'><strong>Nam</strong></span> <span class='ocrx_word' id='word_1_279' title='bbox 933 3057 964 3103; x_wconf 92' lang='lat' dir='ltr'><strong>tu</strong></span> <span class='ocrx_word' id='word_1_280' title='bbox 979 3047 1065 3118; x_wconf 88' lang='lat' dir='ltr'><strong>idem,</strong></span> <span class='ocrx_word' id='word_1_281' title='bbox 1078 3047 1119 3110; x_wconf 80' lang='lat' dir='ltr'><strong>Q.</strong></span> <span class='ocrx_word' id='word_1_282' title='bbox 1135 3047 1209 3104; x_wconf 88' lang='lat' dir='ltr'><strong>Hor-</strong></span> 
     </span>
     <span class='ocr_line' id='line_1_35' title="bbox 225 3124 1209 3202; baseline 0.001 -22"><span class='ocrx_word' id='word_1_283' title='bbox 225 3125 309 3194; x_wconf 88' lang='lat' dir='ltr'><strong>tensi,</strong></span> <span class='ocrx_word' id='word_1_284' title='bbox 331 3124 430 3196; x_wconf 90' lang='lat' dir='ltr'><strong>multa,</strong></span> <span class='ocrx_word' id='word_1_285' title='bbox 451 3126 570 3201; x_wconf 71' lang='lat' dir='ltr'><strong>protuli</strong></span> <span class='ocrx_word' id='word_1_286' title='bbox 590 3125 702 3182; x_wconf 70' lang='lat' dir='ltr'><strong>summi</strong></span> <span class='ocrx_word' id='word_1_287' title='bbox 731 3124 813 3200; x_wconf 72' lang='lat' dir='ltr'><strong>copiti</strong></span> <span class='ocrx_word' id='word_1_288' title='bbox 842 3144 878 3182; x_wconf 89' lang='lat' dir='ltr'><strong>ac</strong></span> <span class='ocrx_word' id='word_1_289' title='bbox 905 3125 1044 3202; x_wconf 86' lang='lat' dir='ltr'><strong>singulari</strong></span> <span class='ocrx_word' id='word_1_290' title='bbox 1072 3127 1209 3184; x_wconf 88' lang='lat' dir='ltr'><strong>facultate</strong></span> 
     </span>
    </p>

    <p class='ocr_par' dir='ltr' id='par_1_13' title="bbox 172 3203 1210 3608">
     <span class='ocr_line' id='line_1_36' title="bbox 172 3203 1208 3274; baseline -0.005 -10"><span class='ocrx_word' id='word_1_291' title='bbox 172 3211 207 3264; x_wconf 85' lang='lat'><strong>35</strong></span> <span class='ocrx_word' id='word_1_292' title='bbox 226 3204 352 3274; x_wconf 88' lang='lat' dir='ltr'><strong>dicendi,</strong></span> <span class='ocrx_word' id='word_1_293' title='bbox 373 3214 402 3260; x_wconf 92' lang='lat' dir='ltr'><strong>et</strong></span> <span class='ocrx_word' id='word_1_294' title='bbox 429 3203 458 3260; x_wconf 89' lang='lat' dir='ltr'><strong>in</strong></span> <span class='ocrx_word' id='word_1_295' title='bbox 485 3215 585 3261; x_wconf 86' lang='lat' dir='ltr'><strong>senatu</strong></span> <span class='ocrx_word' id='word_1_296' title='bbox 613 3203 828 3261; x_wconf 87' lang='lat' dir='ltr'><strong>contravirum</strong></span> <span class='ocrx_word' id='word_1_297' title='bbox 855 3205 955 3261; x_wconf 92' lang='lat' dir='ltr'><strong>sortem</strong></span> <span class='ocrx_word' id='word_1_298' title='bbox 983 3205 1019 3260; x_wconf 87' lang='lat' dir='ltr'><strong>A.</strong></span> <span class='ocrx_word' id='word_1_299' title='bbox 1040 3205 1208 3274; x_wconf 89' lang='lat' dir='ltr'><strong>Gabinium,</strong></span> 
     </span>
     <span class='ocr_line' id='line_1_37' title="bbox 225 3280 1209 3359; baseline -0.002 -20"><span class='ocrx_word' id='word_1_300' title='bbox 225 3281 348 3359; x_wconf 86' lang='lat' dir='ltr'><strong>graviter</strong></span> <span class='ocrx_word' id='word_1_301' title='bbox 361 3280 519 3354; x_wconf 72' lang='lat' dir='ltr'><strong>ornateque</strong></span> <span class='ocrx_word' id='word_1_302' title='bbox 539 3282 645 3352; x_wconf 82' lang='lat' dir='ltr'><strong>dixisti,</strong></span> <span class='ocrx_word' id='word_1_303' title='bbox 660 3280 728 3339; x_wconf 83' lang='lat' dir='ltr'><strong>cirm</strong></span> <span class='ocrx_word' id='word_1_304' title='bbox 749 3280 773 3338; x_wconf 89' lang='lat' dir='ltr'><strong>is</strong></span> <span class='ocrx_word' id='word_1_305' title='bbox 793 3283 829 3339; x_wconf 91' lang='lat' dir='ltr'><strong>de</strong></span> <span class='ocrx_word' id='word_1_306' title='bbox 849 3302 907 3340; x_wconf 92' lang='lat' dir='ltr'><strong>uno</strong></span> <span class='ocrx_word' id='word_1_307' title='bbox 927 3282 1096 3358; x_wconf 88' lang='lat' dir='ltr'><strong>imperatore</strong></span> <span class='ocrx_word' id='word_1_308' title='bbox 1109 3293 1209 3340; x_wconf 89' lang='lat' dir='ltr'><strong>contra</strong></span> 
     </span>
     <span class='ocr_line' id='line_1_38' title="bbox 225 3359 1210 3438; baseline -0.002 -20"><span class='ocrx_word' id='word_1_309' title='bbox 225 3362 372 3437; x_wconf 86' lang='lat' dir='ltr'><strong>praedones</strong></span> <span class='ocrx_word' id='word_1_310' title='bbox 393 3359 592 3416; x_wconf 88' lang='lat' dir='ltr'><strong>constituendo</strong></span> <span class='ocrx_word' id='word_1_311' title='bbox 612 3360 706 3436; x_wconf 87' lang='lat' dir='ltr'><strong>legem</strong></span> <span class='ocrx_word' id='word_1_312' title='bbox 726 3361 950 3438; x_wconf 75' lang='lat' dir='ltr'><strong>promulgisset3</strong></span> <span class='ocrx_word' id='word_1_313' title='bbox 972 3371 1002 3417; x_wconf 91' lang='lat' dir='ltr'><strong>et</strong></span> <span class='ocrx_word' id='word_1_314' title='bbox 1021 3381 1057 3418; x_wconf 86' lang='lat' dir='ltr'><strong>ex</strong></span> <span class='ocrx_word' id='word_1_315' title='bbox 1076 3362 1131 3418; x_wconf 89' lang='lat' dir='ltr'><strong>hoc</strong></span> <span class='ocrx_word' id='word_1_316' title='bbox 1150 3361 1210 3435; x_wconf 92' lang='lat' dir='ltr'><strong>ipso</strong></span> 
     </span>
     <span class='ocr_line' id='line_1_39' title="bbox 226 3436 1207 3515; baseline -0.003 -18"><span class='ocrx_word' id='word_1_317' title='bbox 226 3439 290 3497; x_wconf 90' lang='lat' dir='ltr'><strong>loco</strong></span> <span class='ocrx_word' id='word_1_318' title='bbox 302 3437 443 3514; x_wconf 90' lang='lat' dir='ltr'><strong>permulta</strong></span> <span class='ocrx_word' id='word_1_319' title='bbox 464 3436 532 3494; x_wconf 89' lang='lat' dir='ltr'><strong>item</strong></span> <span class='ocrx_word' id='word_1_320' title='bbox 553 3448 652 3496; x_wconf 89' lang='lat' dir='ltr'><strong>contra</strong></span> <span class='ocrx_word' id='word_1_321' title='bbox 672 3439 766 3515; x_wconf 87' lang='lat' dir='ltr'><strong>legem</strong></span> <span class='ocrx_word' id='word_1_322' title='bbox 782 3459 847 3496; x_wconf 87' lang='lat' dir='ltr'><strong>eam</strong></span> <span class='ocrx_word' id='word_1_323' title='bbox 860 3441 948 3497; x_wconf 87' lang='lat' dir='ltr'><strong>verba</strong></span> <span class='ocrx_word' id='word_1_324' title='bbox 961 3439 1063 3497; x_wconf 87' lang='lat' dir='ltr'><strong>fecisti.</strong></span> <span class='ocrx_word' id='word_1_325' title='bbox 1103 3438 1207 3500; x_wconf 80' lang='lat' dir='ltr'><strong>Quidt</strong></span> 
     </span>
     <span class='ocr_line' id='line_1_40' title="bbox 225 3515 1210 3608; baseline -0.001 -34"><span class='ocrx_word' id='word_1_326' title='bbox 225 3526 287 3574; x_wconf 89' lang='lat' dir='ltr'><strong>tum</strong></span> <span class='ocrx_word' id='word_1_327' title='bbox 310 3516 373 3593; x_wconf 90' lang='lat' dir='ltr'><strong>(per</strong></span> <span class='ocrx_word' id='word_1_328' title='bbox 394 3516 471 3574; x_wconf 87' lang='lat' dir='ltr'><strong>Deos</strong></span> <span class='ocrx_word' id='word_1_329' title='bbox 491 3515 696 3608; x_wconf 66' lang='lat' dir='ltr'><strong>immortalesl)</strong></span> <span class='ocrx_word' id='word_1_330' title='bbox 718 3517 742 3574; x_wconf 90' lang='lat' dir='ltr'><strong>si</strong></span> <span class='ocrx_word' id='word_1_331' title='bbox 762 3516 827 3594; x_wconf 78' lang='lat' dir='ltr'><strong>plus</strong></span> <span class='ocrx_word' id='word_1_332' title='bbox 847 3519 921 3594; x_wconf 92' lang='lat' dir='ltr'><strong>apud</strong></span> <span class='ocrx_word' id='word_1_333' title='bbox 941 3517 1075 3594; x_wconf 92' lang='lat' dir='ltr'><strong>populum</strong></span> <span class='ocrx_word' id='word_1_334' title='bbox 1103 3517 1210 3575; x_wconf 89' lang='lat' dir='ltr'><strong>Roma·</strong></span> 
     </span>
    </p>

    <p class='ocr_par' dir='ltr' id='par_1_14' title="bbox 174 3595 1211 3909">
     <span class='ocr_line' id='line_1_41' title="bbox 174 3595 1209 3672; baseline -0.005 -16"><span class='ocrx_word' id='word_1_335' title='bbox 174 3603 209 3656; x_wconf 82' lang='lat' dir='ltr'><strong>to</strong></span> <span class='ocrx_word' id='word_1_336' title='bbox 227 3616 295 3653; x_wconf 91' lang='lat' dir='ltr'><strong>num</strong></span> <span class='ocrx_word' id='word_1_337' title='bbox 319 3595 472 3653; x_wconf 88' lang='lat' dir='ltr'><strong>auctoritas</strong></span> <span class='ocrx_word' id='word_1_338' title='bbox 498 3605 558 3666; x_wconf 90' lang='lat' dir='ltr'><strong>tua,</strong></span> <span class='ocrx_word' id='word_1_339' title='bbox 579 3595 666 3670; x_wconf 73' lang='lat' dir='ltr'><strong>quam</strong></span> <span class='ocrx_word' id='word_1_340' title='bbox 687 3595 776 3671; x_wconf 82' lang='lat' dir='ltr'><strong>ipsius</strong></span> <span class='ocrx_word' id='word_1_341' title='bbox 795 3597 890 3672; x_wconf 89' lang='lat' dir='ltr'><strong>populi</strong></span> <span class='ocrx_word' id='word_1_342' title='bbox 918 3596 1045 3654; x_wconf 86' lang='lat' dir='ltr'><strong>Romani</strong></span> <span class='ocrx_word' id='word_1_343' title='bbox 1073 3596 1159 3666; x_wconf 86' lang='lat' dir='ltr'><strong>salus,</strong></span> <span class='ocrx_word' id='word_1_344' title='bbox 1180 3606 1209 3652; x_wconf 92' lang='lat' dir='ltr'><strong>et</strong></span> 
     </span>
     <span class='ocr_line' id='line_1_42' title="bbox 226 3673 1211 3751; baseline -0.001 -21"><span class='ocrx_word' id='word_1_345' title='bbox 226 3693 294 3730; x_wconf 89' lang='lat' dir='ltr'><strong>vera</strong></span> <span class='ocrx_word' id='word_1_346' title='bbox 314 3693 412 3745; x_wconf 87' lang='lat' dir='ltr'><strong>causa,</strong></span> <span class='ocrx_word' id='word_1_347' title='bbox 433 3674 577 3745; x_wconf 87' lang='lat' dir='ltr'><strong>valuisset,</strong></span> <span class='ocrx_word' id='word_1_348' title='bbox 599 3674 683 3732; x_wconf 89' lang='lat' dir='ltr'><strong>hodie</strong></span> <span class='ocrx_word' id='word_1_349' title='bbox 704 3675 780 3731; x_wconf 91' lang='lat' dir='ltr'><strong>hanc</strong></span> <span class='ocrx_word' id='word_1_350' title='bbox 799 3675 929 3751; x_wconf 85' lang='lat' dir='ltr'><strong>gloriam,</strong></span> <span class='ocrx_word' id='word_1_351' title='bbox 951 3685 1036 3748; x_wconf 87' lang='lat' dir='ltr'><strong>atque</strong></span> <span class='ocrx_word' id='word_1_352' title='bbox 1056 3676 1111 3732; x_wconf 92' lang='lat' dir='ltr'><strong>hoc</strong></span> <span class='ocrx_word' id='word_1_353' title='bbox 1133 3673 1211 3732; x_wconf 90' lang='lat' dir='ltr'><strong>orbis</strong></span> 
     </span>
     <span class='ocr_line' id='line_1_43' title="bbox 226 3752 1210 3828; baseline 0.002 -21"><span class='ocrx_word' id='word_1_354' title='bbox 226 3761 309 3808; x_wconf 86' lang='lat' dir='ltr'><strong>terrae</strong></span> <span class='ocrx_word' id='word_1_355' title='bbox 330 3752 489 3828; x_wconf 89' lang='lat' dir='ltr'><strong>imperium,</strong></span> <span class='ocrx_word' id='word_1_356' title='bbox 510 3755 693 3811; x_wconf 90' lang='lat' dir='ltr'><strong>teneremusl</strong></span> <span class='ocrx_word' id='word_1_357' title='bbox 735 3754 783 3810; x_wconf 88' lang='lat' dir='ltr'><strong>An</strong></span> <span class='ocrx_word' id='word_1_358' title='bbox 810 3753 862 3810; x_wconf 89' lang='lat' dir='ltr'><strong>tibi</strong></span> <span class='ocrx_word' id='word_1_359' title='bbox 889 3763 950 3811; x_wconf 91' lang='lat' dir='ltr'><strong>tum</strong></span> <span class='ocrx_word' id='word_1_360' title='bbox 977 3753 1127 3828; x_wconf 92' lang='lat' dir='ltr'><strong>imperium</strong></span> <span class='ocrx_word' id='word_1_361' title='bbox 1147 3771 1210 3809; x_wconf 83' lang='lat' dir='ltr'><strong>esse</strong></span> 
     </span>
     <span class='ocr_line' id='line_1_44' title="bbox 227 3827 1200 3909; baseline 0.001 -23"><span class='ocrx_word' id='word_1_362' title='bbox 227 3829 283 3887; x_wconf 85' lang='lat' dir='ltr'><strong>hoc</strong></span> <span class='ocrx_word' id='word_1_363' title='bbox 303 3827 461 3903; x_wconf 87' lang='lat' dir='ltr'><strong>videbatur,</strong></span> <span class='ocrx_word' id='word_1_364' title='bbox 481 3829 549 3889; x_wconf 79' lang='lat' dir='ltr'><strong>cum</strong></span> <span class='ocrx_word' id='word_1_365' title='bbox 569 3831 664 3908; x_wconf 90' lang='lat' dir='ltr'><strong>populi</strong></span> <span class='ocrx_word' id='word_1_366' title='bbox 691 3830 817 3890; x_wconf 89' lang='lat' dir='ltr'><strong>Romani</strong></span> <span class='ocrx_word' id='word_1_367' title='bbox 840 3832 938 3909; x_wconf 85' lang='lat' dir='ltr'><strong>legati,</strong></span> <span class='ocrx_word' id='word_1_368' title='bbox 957 3842 1101 3909; x_wconf 83' lang='lat' dir='ltr'><strong>praetores,</strong></span> <span class='ocrx_word' id='word_1_369' title='bbox 1122 3848 1200 3908; x_wconf 75' lang='lat' dir='ltr'><strong>ques</strong></span> 
     </span>
    </p>
   </div>
   <div class='ocr_carea' id='block_1_3' title="bbox 0 0 1392 4425">
    <p class='ocr_par' dir='ltr' id='par_1_15' title="bbox 0 0 1392 4425">
     <span class='ocr_line' id='line_1_45' title="bbox 0 0 1392 4425; baseline 0 0"><span class='ocrx_word' id='word_1_370' title='bbox 0 0 1392 4425; x_wconf 95' lang='lat' dir='ltr'><strong> </strong></span> 
     </span>
    </p>
   </div>
  </div>
 </body>
</html>
