2775 4425
368 372 504 422 ORATIO
527 372 597 423 PRO
618 372 716 423 LEGE
737 372 902 423 MANlLlA.
1144 374 1185 433 47

145 514 253 594 vigatio
267 516 454 591 conquiescit.
497 516 543 573 lta
560 536 654 592 neque
674 536 711 575 ex
729 527 822 593 portu,
836 535 930 591 neque
944 534 979 574 ex
992 516 1134 589 decumis,

145 614 240 670 neque
261 615 296 653 ex
316 595 467 671 scripturis,
482 595 604 673 vectigal
626 596 787 655 conservari
806 606 906 672 potest.
946 596 1049 658 Quare
1059 615 1134 673 sepe

144 675 233 731 totius
254 674 322 731 anni
343 675 453 731 fructus
473 692 531 731 uno
549 692 662 732 rumore
681 674 813 751 periculi,
828 684 914 749 atque
926 694 985 733 uno
999 674 1065 732 belli
1078 686 1135 734 ter·

145 772 220 822 rore,
236 754 383 810 amittitur.

185 832 257 891 Quo
270 832 386 888 tandem
402 831 498 889 animo
517 850 580 889 esse
600 830 771 888 existimatis
785 840 835 887 aut
854 830 966 905 eosqui
981 832 1133 909 vectigalia
1163 832 1182 883 5

145 910 230 967 nobis
242 910 394 985 pensitant,
411 919 459 967 aut
472 928 521 967 eos
535 910 583 984 qui
597 921 734 967 exercent
747 920 834 984 atque
850 912 979 987 exigunt,
993 909 1061 969 edm
1075 912 1133 970 duo

145 1007 229 1063 reges
250 1007 316 1044 cum
336 988 469 1045 maximis
489 989 578 1064 copiis
597 986 683 1064 propd
706 989 820 1046 adsintl
841 988 910 1047 oiim
929 1008 989 1046 una
1001 991 1133 1048 excursio

145 1066 290 1140 equitatius
303 1067 433 1143 perbrevi
446 1076 572 1143 tempore
582 1068 669 1125 totius
683 1068 751 1125 anni
765 1067 887 1145 vectigal
903 1067 1015 1126 auferre
1027 1069 1115 1145 possit
1122 1088 1131 1139 ;

146 1143 214 1203 cum
227 1145 374 1219 publicani
388 1146 511 1202 familias
525 1146 673 1216 maximas,
688 1164 760 1221 quas
773 1146 804 1203 in
817 1147 916 1203 salinis
929 1147 1046 1217 habent,
1060 1166 1132 1222 quas

145 1222 175 1279 in
191 1224 277 1299 agris,
292 1224 406 1298 quasin
419 1224 556 1299 portubus
574 1233 659 1297 atque
680 1225 827 1295 custodiis,
841 1244 946 1302 magno
957 1226 1087 1301 periculo
1099 1246 1130 1283 se
1147 1228 1180 1283 10

145 1302 252 1358 habere
274 1302 454 1359 arbitrentur.
496 1302 646 1360 Putatisne
659 1320 709 1360 vos
729 1303 786 1360 illis
799 1304 885 1361 rebus
899 1304 954 1362 frui
967 1323 1059 1379 posse,
1074 1305 1130 1361 nisi

145 1399 204 1449 eos,
219 1380 268 1454 qui
288 1381 368 1437 vobis
388 1380 525 1438 fructuosi
546 1391 622 1451 sunt,
641 1382 886 1452 conservaveritis,
900 1402 957 1439 non
978 1380 1069 1439 solum
1085 1382 1132 1459 (ut

145 1469 232 1515 antea
245 1459 318 1538 dixi)
334 1459 507 1531 calamitate,
522 1460 574 1517 sed
594 1460 682 1517 etiam
700 1460 873 1516 calamitatis
887 1460 1048 1531 formidine,
1061 1460 1132 1517 libe·

144 1538 243 1594 ratosl

184 1615 254 1673 VII.
286 1616 334 1673 Ac
344 1636 381 1673 ne
392 1616 462 1673 illud
477 1617 593 1691 quidem
603 1616 683 1673 vobis
693 1615 898 1693 negligendum
909 1626 962 1687 est,
973 1616 1049 1690 quod
1059 1617 1130 1674 milri
1147 1626 1180 1678 15

144 1713 199 1769 ego
212 1704 371 1751 extremum
385 1714 594 1771 proposueram,
609 1694 677 1752 cum
698 1714 790 1751 essem
811 1697 848 1752 de
869 1696 936 1752 belli
950 1714 1057 1772 genere
1070 1696 1131 1753 dic-

143 1783 235 1843 turus,
250 1773 324 1847 quod
340 1773 375 1830 ad
390 1774 543 1831 multorum
557 1774 632 1831 bona
652 1772 758 1831 civium
779 1773 976 1831 Romanorum
990 1774 1128 1851 pertinet3

142 1870 263 1925 quorum
278 1852 366 1921 vobis,
377 1871 427 1926 pro
440 1854 533 1909 vestra
547 1852 697 1928 sapientiai,
707 1851 850 1922 Quirites,
861 1853 994 1911 habenda
1004 1864 1047 1910 est
1057 1854 1131 1912 ratio

143 1928 305 2006 diligenter.
347 1930 425 1987 Nam
445 1940 474 1988 et
493 1930 650 2007 publicani,
671 1932 801 1989 homines
827 1941 857 1988 et
882 1932 1073 1989 honestissimi
1100 1944 1130 1990 et

142 2008 327 2080 ornatissimi,
342 2028 408 2066 suas
428 2010 552 2067 rationes
572 2018 602 2066 et
621 2010 718 2084 copias
731 2009 761 2065 in
776 2010 853 2066 illam
866 2011 1042 2085 provinciam
1063 2031 1130 2068 con·
1142 2014 1179 2067 20

143 2087 288 2156 tulerunt;
310 2105 429 2162 quorum
450 2088 574 2163 ipsorum
593 2107 643 2163 per
663 2106 694 2143 se
715 2106 761 2143 res
780 2098 809 2144 et
828 2088 946 2145 fortunar
961 2107 1037 2145 curae
1051 2090 1131 2145 vobis

143 2185 208 2223 esse
229 2166 342 2224 debent.
384 2164 510 2237 Etenim,
532 2166 556 2224 si
575 2165 731 2242 vectigalia
757 2185 858 2223 nervos
878 2184 941 2222 esse
964 2166 1130 2242 reipublice

143 2263 256 2322 semper
270 2245 420 2315 duximus3
441 2263 508 2302 eum
523 2245 601 2303 certe
615 2245 756 2315 ordinem,
771 2245 819 2318 qui
833 2255 949 2301 exercet
963 2245 1022 2314 illa,
1038 2245 1132 2302 firma·

143 2334 274 2380 mentum
288 2334 455 2382 caeterorum
468 2325 601 2381 ordinum
616 2322 694 2381 rectd
710 2343 773 2380 esse
787 2324 926 2380 dicemus.

185 2402 299 2460 Deinde
314 2403 425 2459 caeteris
439 2423 474 2460 ex
487 2403 636 2460 ordinibus
656 2402 786 2459 homines
799 2401 865 2459 navi
880 2412 908 2459 et
922 2401 1054 2460 industrii
1068 2419 1131 2477 par·
1143 2405 1179 2459 25

143 2480 196 2536 tim
210 2481 263 2556 ipsi
278 2481 307 2538 in
322 2481 394 2538 Asift
409 2481 600 2558 negotiantur,
615 2481 719 2555 quibus
732 2501 781 2538 vos
796 2482 961 2538 absentibus
981 2483 1130 2540 consulere

143 2559 267 2628 debetis;
282 2561 384 2635 partim
393 2579 460 2617 suas
468 2571 616 2618 etsuorum
627 2560 656 2616 in
665 2560 855 2636 eaprovincid
863 2559 1001 2636 pecunias
1010 2580 1130 2638 magnas

144 2637 299 2694 collocatas
320 2639 434 2696 habent.
476 2639 541 2696 Erit
561 2639 648 2714 igitur
668 2639 855 2696 humanitatis
868 2651 977 2710 vestrae,
992 2659 1127 2717 magnum

143 2735 243 2773 eorum
264 2716 370 2773 civium
390 2735 542 2775 numerum
556 2717 720 2774 calamitate
733 2718 882 2794 prohibere
891 2738 899 2788 ;
920 2719 1076 2794 sapientise,
1091 2719 1130 2775 vi·

144 2795 223 2864 dere,
247 2794 400 2852 multorum
422 2796 527 2852 civium
549 2795 742 2853 calamitatem
764 2815 781 2853 a
801 2797 949 2872 republicd
969 2796 1129 2871 sejunctam
1143 2801 1179 2856 30

143 2891 278 2930 essenon
292 2893 381 2948 posse.
422 2874 539 2931 Etenim
560 2874 630 2930 illud
650 2875 772 2950 primum
792 2875 871 2949 parvi
889 2875 985 2943 refert,
1000 2894 1048 2931 vos
1061 2875 1131 2949 pub-

143 2950 248 3007 licanis
263 2951 367 3008 amissa
380 2952 533 3028 vectigalia
550 2963 647 3028 postea
667 2953 786 3009 victoriis
806 2969 984 3025 recuperare.
1025 2951 1131 3024 Neque

144 3029 224 3085 enirn
251 3029 352 3087 iisdem
379 3031 539 3088 redimendi
567 3030 689 3087 facultas
710 3029 774 3099 erit,
794 3039 905 3104 propter
925 3029 1129 3099 calamitatem,

144 3125 240 3180 neque
255 3107 317 3165 aliis
331 3109 469 3180 voluntas,
483 3119 595 3185 propter
610 3107 748 3165 timorem.

185 3185 309 3256 Deinde,
325 3188 399 3260 quod
413 3207 465 3245 nos
478 3188 580 3244 eadem
594 3186 668 3243 Asia
682 3195 767 3259 atque
778 3186 854 3243 idem
869 3183 923 3241 iste
937 3182 1129 3255 Mithridates,
1144 3188 1180 3240 35

145 3263 229 3321 initio
239 3265 307 3322 belli
317 3265 451 3335 Asiatici,
463 3265 561 3323 docuit
572 3285 579 3335 ;
601 3265 631 3322 id
640 3264 755 3338 quidem
767 3263 857 3336 certe,
868 3263 1032 3320 calamitate
1042 3264 1129 3334 docti,

145 3343 284 3399 memorial
310 3344 434 3402 retinere
461 3345 606 3401 debemus.
649 3342 727 3399 Nam
754 3353 815 3400 tum
841 3341 909 3401 cdm
936 3343 966 3400 in
990 3343 1062 3400 Asis
1085 3361 1131 3399 res

146 3439 266 3496 magnas
285 3423 418 3497 permulti
440 3423 603 3492 amiserant,
625 3422 742 3493 scimus,
757 3423 870 3492 Rome,
885 3421 1024 3479 solutione
1045 3422 1132 3496 impe-

146 3499 217 3569 ditd,
238 3499 323 3558 fidem
345 3502 516 3558 concidisse.
557 3501 624 3559 Non
645 3501 723 3558 enim
745 3513 863 3578 possunt
886 3500 945 3556 und
965 3501 995 3557 in
1015 3500 1131 3557 civitate

145 3578 228 3634 multi
249 3598 309 3636 rem
331 3589 416 3654 atque
437 3581 564 3638 fortunas
586 3580 726 3651 amittere,
741 3592 772 3638 ut
791 3600 849 3638 uon
868 3579 964 3656 plures
981 3597 1080 3635 secum
1101 3578 1131 3635 in
1146 3582 1181 3636 to

146 3657 269 3714 eandem
300 3659 494 3716 calamitatem
521 3660 644 3716 trahant.
686 3659 714 3715 A
744 3679 801 3734 quo
827 3658 956 3735 periculo
984 3658 1131 3732 prohibete

146 3737 364 3812 rempublicam,
376 3738 484 3794 etmihi
497 3738 615 3807 credite,
628 3735 681 3812 (id,
693 3739 769 3811 quod
783 3738 836 3813 ipsi
850 3735 965 3813 videtis)
978 3737 1040 3792 haec
1051 3737 1130 3807 fides,

148 3823 232 3888 atque
253 3817 315 3872 haec
337 3816 409 3873 ratio
429 3817 628 3891 pecuniarum,
649 3835 713 3889 quae
733 3816 845 3885 Romae,
860 3833 923 3888 quae
943 3815 973 3872 in
994 3815 1054 3873 foro
1073 3835 1133 3873 ver·

147 3905 235 3964 satur,
251 3894 390 3970 implicita
404 3903 447 3951 ast
467 3913 534 3951 cum
555 3895 611 3951 illis
630 3895 762 3969 pecuniis
786 3893 933 3963 Asiaticis,
947 3903 977 3950 et
1000 3896 1131 3952 cohaeret.

149 3969 248 4030 Ruere
263 3973 311 4029 illa
325 3993 382 4030 non
396 3983 524 4049 possunt,
539 3983 571 4030 ut
590 3973 653 4029 lraec
673 3991 730 4029 non
751 3973 851 4029 eodem
869 3972 1042 4029 labefactata
1055 3983 1133 4027 motu
1148 3959 1183 4011 ⁴5
