2775 4425
174 352 213 413 18
412 346 548 397 ORATIO
571 345 606 395 11.
630 345 667 395 IN
691 345 722 395 L.
746 346 960 396 CATILINAM.

261 489 319 549 III.
341 489 443 567 Itaque
454 508 508 567 ego
521 490 600 547 illurn
612 490 783 558 exercitum,
792 510 851 567 prae
862 490 1024 549 Gallicanis
1031 490 1204 567 legionibus,

222 581 251 628 et
263 571 318 628 hoc
332 570 448 628 delectu
459 589 544 645 quern
553 570 583 626 in
594 589 662 647 agro
674 570 785 628 Piceno
792 582 822 627 et
833 570 948 627 Gallico
957 569 998 632 Q.
1011 570 1146 629 Metellus
1157 572 1206 627 ha·

222 649 295 720 buit,
304 660 333 707 et
344 649 388 706 his
397 649 488 725 copiis
497 668 561 725 quar
573 668 590 707 a
601 650 683 707 nobis
691 650 820 725 quotidie
829 661 1042 726 comparantur,
1052 668 1206 726 magnope-

223 727 254 787 re
267 739 432 799 contemno,
444 728 601 787 collectum
615 748 651 786 ex
666 729 785 786 senibus
798 729 968 805 desperatis,
976 748 1013 786 err
1025 720 1130 806 agresti
1144 728 1205 786 lux·

189 816 208 868 5
223 807 297 879 urii,
311 827 348 865 ex
361 808 478 867 rusticis
491 808 704 878 decoctoribus,
718 827 755 865 ex
770 808 815 878 iis,
824 808 872 884 qui
885 808 1049 865 vadimonia
1063 810 1205 879 deserere,

223 885 310 963 quiam
332 887 412 945 illurn
433 887 604 958 exercitum,
619 888 800 957 maluerunt3
822 887 926 963 quibus
940 906 995 964 ego
1009 907 1066 945 non
1082 885 1167 943 modo
1181 887 1206 944 si

224 966 318 1024 aciem
330 965 474 1024 exercitiis
485 967 584 1037 nostri,
597 964 696 1023 verbm
707 966 795 1023 etiam
804 966 828 1023 si
837 966 965 1023 edictum
975 966 1103 1042 praetoris
1112 978 1207 1023 osten·

223 1046 303 1117 dero,
318 1046 482 1104 concident.
525 1045 598 1115 Hos,
607 1064 678 1121 quos
689 1046 773 1102 video
784 1045 902 1102 volitare
918 1045 947 1102 in
964 1046 1033 1119 foro,
1044 1065 1116 1121 quos
1130 1056 1207 1103 stare

224 1125 259 1181 ad
275 1125 396 1197 curiam,
407 1144 478 1201 quos
489 1124 575 1182 etiarn
588 1126 616 1181 in
629 1136 762 1182 senatum
774 1124 872 1181 venire
884 1144 892 1193 ;
913 1124 962 1199 qni
973 1125 1067 1182 nitent
1078 1144 1208 1201 unguen·

174 1207 209 1262 10
223 1203 271 1275 tis,
280 1204 328 1279 qui
340 1204 451 1281 fulgent
464 1204 601 1281 purpura,
612 1204 726 1261 mallem
738 1223 838 1278 secum
848 1223 915 1262 suos
926 1204 1032 1261 milites
1042 1205 1206 1261 eduxisset:

223 1284 272 1359 qui
284 1283 308 1341 si
319 1282 369 1341 hic
380 1293 560 1360 permanent,
570 1294 755 1355 mementote,
764 1303 822 1341 non
834 1295 892 1339 tam
901 1284 1064 1340 exercitum
1076 1283 1156 1340 illum
1165 1301 1209 1339 es·

187 1398 191 1403 ·
224 1361 1207 1439 senobis,qubmhos,quiexercitumdeseruerunt,pertimescendos.

264 1443 361 1518 Atque
377 1444 432 1501 lroc
446 1443 534 1501 etiam
548 1452 615 1501 sunt
629 1442 750 1500 timendi
765 1442 867 1519 magis,
881 1440 970 1517 quod,
984 1442 1053 1517 quid
1068 1440 1207 1517 cogitent,

224 1540 270 1579 me
292 1523 367 1581 scire
388 1522 526 1593 sentiunt,
548 1542 642 1597 neque
663 1532 761 1579 tamen
781 1525 992 1598 permoventur.
1034 1520 1138 1591 Video,
1160 1520 1209 1577 cui

175 1599 210 1653 15
225 1600 334 1677 Apulia
344 1602 381 1660 sit
390 1602 537 1671 attributa,
546 1601 594 1675 qni
604 1601 710 1658 habeat
719 1600 874 1670 Etruriam,
884 1600 932 1675 qui
943 1619 1044 1676 agrurn
1055 1600 1208 1670 Picenum,

224 1680 273 1756 qni
293 1680 450 1751 Gallicum,
465 1680 513 1755 qui
534 1680 589 1736 sibi
611 1680 662 1737 has
684 1680 810 1736 urbanas
832 1679 951 1735 insidias
966 1679 1054 1736 caedis
1069 1689 1153 1754 atque
1168 1679 1210 1736 in-

226 1759 395 1816 cendiorum
411 1758 626 1833 depoposcerit:
647 1758 746 1815 omnia
760 1758 914 1833 superioris
929 1758 1023 1815 noctis
1037 1758 1158 1815 consilia
1173 1757 1208 1813 ad

225 1855 272 1893 me
294 1837 390 1893 delata
412 1856 475 1893 esse
498 1835 646 1894 sentiunt:
673 1836 799 1911 patefeci
822 1836 852 1893 in
874 1846 977 1894 senatu
999 1838 1133 1894 hesterno
1152 1836 1208 1893 die.

225 1914 354 1972 Catilina
376 1915 436 1991 ipse
457 1915 620 1991 pertimuit;
642 1914 784 1992 profugit:
813 1915 843 1972 hi
864 1915 931 1991 quid
953 1916 1142 1992 exspectantl
1164 1933 1209 1972 nat

175 1992 211 2046 20
226 1994 266 2051 illi
292 1996 476 2052 vehementer
497 2004 604 2065 errant,
626 1994 650 2051 si
672 1994 750 2051 illam
771 2014 865 2051 meam
886 1995 1038 2071 pristinam
1059 1995 1208 2052 lenitatem

224 2083 391 2151 perpetuam
407 2085 523 2151 sperant
538 2073 671 2132 suturam.

265 2152 319 2211 lv.
353 2154 443 2216 Quod
463 2154 638 2232 exspectavi,
650 2153 711 2231 jam
733 2173 797 2211 surn
820 2164 980 2226 assecutus,
995 2164 1027 2210 ut
1046 2173 1096 2211 vos
1109 2171 1210 2211 omnes

226 2233 332 2292 factam
347 2253 411 2292 esse
426 2233 524 2312 aperte
540 2233 770 2311 conjurationem
788 2245 890 2292 contra
907 2234 1115 2310 rempublicam
1135 2233 1211 2289 vide-

226 2313 312 2384 retis;
334 2313 390 2371 nisi
405 2311 472 2371 verb
487 2314 510 2372 si
525 2314 589 2388 quis
603 2325 657 2385 est,
667 2314 715 2389 qui
730 2313 865 2372 Catilinae
876 2313 985 2370 similes
1000 2331 1066 2370 curn
1081 2312 1210 2370 Catilina

176 2391 212 2445 25
226 2393 332 2449 sentire
354 2411 412 2450 non
434 2403 523 2468 putet.
565 2391 634 2448 Non
648 2405 692 2449 est
704 2392 764 2468 jam
778 2392 889 2448 lenitati
905 2392 1005 2449 locus:
1030 2392 1211 2448 severitatem

226 2489 273 2528 res
295 2470 357 2545 ipsa
381 2470 500 2547 flagitat.
543 2469 640 2527 Unum
663 2471 750 2527 etiam
776 2489 856 2526 nunc
878 2469 1057 2526 concedam:
1085 2482 1209 2540 exeant;

226 2548 463 2624 proficiscantur;
489 2568 525 2606 ne
540 2547 684 2624 patiantur
696 2548 839 2605 desiderio
850 2549 895 2605 sui
906 2548 1064 2606 Catilinam
1074 2550 1211 2606 miserum

226 2627 385 2684 tabescere.
428 2627 640 2685 Demonstrabo
654 2626 724 2685 itera
747 2627 869 2684 Aurelia
884 2627 930 2684 viai
944 2627 1089 2704 profectus
1103 2639 1163 2686 est:
1185 2627 1210 2685 si

229 2704 394 2762 accelerare
408 2706 512 2778 volent,
526 2707 560 2762 ad
576 2725 723 2783 vesperam
735 2717 957 2782 consequentur.
995 2707 1024 2764 Ο
1039 2707 1212 2765 fortunatam

177 2789 213 2846 30
228 2783 447 2860 rempublicam,
463 2785 487 2863 si
501 2785 617 2862 quidem
633 2786 710 2842 lrnnc
724 2785 868 2842 sentinam
884 2785 970 2862 hujus
984 2786 1063 2843 urbis
1077 2786 1210 2863 ejecerit!

229 2864 294 2922 Uno
309 2862 505 2944 (mehercule)
521 2864 648 2922 Catilina
663 2866 813 2936 exhausto,
824 2866 949 2923 relevata
961 2865 1031 2922 nrihi
1045 2876 1074 2922 et
1083 2876 1213 2923 recreata

228 2943 393 3019 respublica
407 2944 528 3002 videtur.
569 2944 652 3006 Quid
675 2945 753 3002 enim
779 2945 846 3002 mali
870 2957 917 3002 ant
940 2944 1058 3002 sceleris
1079 2945 1147 3021 fingi
1164 2954 1213 3001 aut

228 3023 385 3099 excogitari
407 3035 509 3100 potest,
524 3025 599 3100 quod
615 3045 672 3083 non
689 3024 736 3082 ille
751 3024 940 3100 conceperit?
960 3024 1024 3099 quis
1045 3023 1105 3081 torri
1127 3022 1212 3080 ltaliai

228 3101 385 3174 verrelicuS,
399 3103 463 3179 quis
482 3105 632 3180 gladiator,
647 3104 711 3180 quis
725 3104 806 3174 latro,
820 3103 885 3180 quis
899 3103 1030 3174 sicarius,
1044 3103 1108 3177 quis
1125 3102 1214 3178 parri-

178 3191 214 3246 35
229 3182 306 3252 sida,
320 3183 384 3258 quis
398 3193 635 3240 testamentorum
651 3183 806 3257 srrbjector,
815 3183 879 3258 quis
893 3183 1137 3256 circumscriptor,
1149 3181 1213 3256 quis

229 3279 332 3337 ganeo,
354 3261 419 3336 quis
441 3280 540 3336 nepos,
562 3261 625 3336 quis
648 3261 769 3331 adulter,
793 3280 857 3335 qnae
881 3260 983 3317 mulier
1003 3260 1128 3330 infamis,
1149 3261 1214 3336 quis

230 3349 379 3416 corruptor
399 3338 568 3415 juventutis,
590 3339 654 3414 quis
674 3350 836 3415 corruptos,
850 3339 914 3415 quis
937 3339 1076 3414 perditae,
1092 3339 1213 3396 inveniri

230 3428 333 3494 potest,
347 3418 396 3493 qni
411 3437 442 3474 se
458 3436 524 3474 curn
547 3417 677 3474 Catilinit
697 3436 754 3474 non
770 3417 992 3475 familiarissime
1007 3418 1112 3475 vixisse
1127 3418 1215 3476 fatea-

229 3499 298 3555 turl
325 3496 403 3560 Quae
418 3496 514 3555 credes
528 3515 579 3573 per
594 3497 681 3553 hosce
703 3515 794 3554 annos
815 3497 878 3554 sine
893 3497 942 3555 illo
956 3498 1033 3555 facta
1047 3499 1113 3555 estl
1138 3498 1213 3572 qnod

181 3583 216 3637 to
231 3576 373 3634 nefarium
394 3588 523 3654 stuprum
546 3595 603 3633 non
625 3595 675 3652 per
697 3575 800 3633 illuml
832 3576 898 3633 Jarn
920 3574 989 3634 verb
1010 3596 1073 3652 quae
1087 3588 1169 3634 tanta
1184 3577 1214 3633 in

232 3655 290 3712 ullo
307 3675 433 3731 unquam
448 3656 565 3714 homine
576 3655 736 3732 juventutis
750 3654 886 3713 illecebra
900 3655 963 3727 fuit,
977 3666 1084 3731 quanta
1099 3656 1128 3712 in
1144 3655 1214 3712 illol

232 3733 280 3808 qui
293 3733 363 3790 alios
375 3735 434 3811 ipse
447 3737 561 3793 amabat
572 3732 748 3812 turpissime,
761 3734 879 3792 aliorum
893 3735 982 3792 amori
994 3733 1214 3811 flagitiosissime

232 3811 384 3882 serviebat,
407 3814 471 3872 aliis
492 3815 618 3872 fructum
640 3814 804 3885 libidinum,
826 3815 889 3872 aliis
910 3824 1030 3871 mortem
1051 3814 1215 3888 parentum,

232 3909 290 3949 non
313 3889 398 3949 modo
414 3892 596 3970 impellendo,
612 3892 814 3952 verumetiam
830 3893 1002 3971 adjurando,
1016 3892 1215 3969 pollicebatur.
