2775 4425
402 354 539 407 ORATIO
562 354 630 405 PRO
652 356 685 415 Q.
709 356 870 407 LIGARIO.
1144 360 1182 419 71

144 502 222 563 nullo
250 501 369 579 publico
398 498 527 570 oonsilio,
548 498 739 559 deferebatur.
781 498 884 575 Itaque
914 499 1058 577 Ligarius,
1086 500 1136 577 qui

143 602 229 641 omne
243 581 301 638 tale
315 580 463 657 negotium
487 590 605 655 cuperet
624 578 763 656 effugere,
777 580 896 655 pauliun
918 581 1043 639 adventu
1064 580 1136 639 Vari

145 682 200 719 con
223 660 317 717 uiovit.

184 681 225 796 Il.
261 738 378 807 Adhuc,
401 735 457 793 Cai
481 734 589 807 Caesar,
610 735 651 798 Q.
675 736 811 813 Ligarius
833 737 912 795 omni
936 736 1022 813 culpi
1043 748 1134 797 vacat

145 816 239 875 Domo
253 828 296 874 est
310 834 452 892 egressus,
468 835 524 873 non
539 814 623 873 modo
643 816 754 873 nullum
777 816 813 874 ad
838 816 955 887 bellum,
970 817 1021 874 sed
1041 836 1078 875 ne
1099 818 1135 875 ad
1166 820 1186 875 5

145 896 295 954 minimam
309 895 425 969 quidem
434 893 627 971 suspicionem
649 894 734 952 bellis
755 895 868 971 legatus
889 895 919 953 in
942 914 1015 973 pace
1028 896 1137 973 profec-

144 986 201 1047 tus,
216 975 246 1033 in
260 972 407 1050 provincia
421 972 605 1049 pacatissima
629 971 670 1030 ita
692 992 724 1031 se
745 974 844 1051 gessit,
859 985 890 1031 ut
908 974 936 1033 ei
957 993 1059 1051 pacem
1072 994 1137 1033 esse

144 1054 300 1130 expediret.
342 1050 486 1110 Profectio
499 1050 578 1109 certe
604 1050 732 1109 animum
753 1064 835 1110 tuum
857 1072 914 1111 non
942 1053 1028 1111 debet
1048 1054 1138 1112 offen·

143 1134 221 1191 dere.
265 1130 345 1188 Num
360 1130 446 1207 igitur
461 1130 624 1189 remansiol
665 1129 760 1189 Multo
776 1129 890 1190 minus:
910 1150 979 1191 nam
999 1133 1137 1215 profectio

143 1211 321 1269 voluntatem
336 1208 436 1267 habuit
449 1228 505 1267 non
524 1220 646 1287 turpem,
661 1210 805 1269 remansio
824 1210 912 1269 etiarn
932 1211 1135 1271 necessitatem
1152 1214 1186 1269 10

143 1290 304 1348 honestam.
346 1288 425 1365 Ergo
442 1289 505 1345 haec
528 1288 585 1347 duo
608 1298 737 1365 tempora
759 1299 860 1347 carent
873 1290 1013 1359 erimine;
1035 1310 1136 1362 unum,

142 1367 212 1427 crim
228 1378 272 1425 est
285 1367 398 1443 legatus
415 1366 577 1443 profectus;
599 1366 731 1437 alterum,
746 1366 825 1438 oiim,
839 1368 1013 1445 efflagitatus
1036 1388 1054 1427 a
1076 1389 1138 1446 pro·

142 1447 252 1517 vincia,
276 1446 442 1522 praepositus
468 1446 577 1503 African
604 1456 656 1503 est.
698 1445 834 1503 Tertium
857 1456 901 1503 est
927 1457 1049 1523 tempus,
1070 1467 1137 1523 quo,

141 1536 205 1603 post
222 1526 376 1583 adventum
391 1523 471 1596 Vari,
487 1525 517 1583 in
539 1524 643 1583 Africa
667 1524 787 1595 restitit,
809 1524 923 1601 quodsi
946 1537 990 1583 est
1004 1526 1138 1585 crimino·

141 1599 219 1677 sum,
235 1604 415 1662 necessitatis
428 1604 538 1661 crimen
555 1615 608 1674 est,
623 1622 680 1661 non
704 1604 866 1663 voluntatis.
908 1606 958 1662 An
980 1604 1038 1675 ille,
1053 1606 1078 1663 si
1091 1626 1139 1683 po-
1152 1604 1187 1659 15

141 1684 248 1741 tuisset
262 1683 342 1740 illinc
357 1682 415 1741 ullo
427 1683 512 1741 modo
532 1684 664 1753 evadere,
680 1681 773 1740 Uticae
797 1682 900 1759 potius,
915 1681 1003 1759 quam
1023 1684 1137 1756 Romae,

142 1780 212 1821 cum
242 1762 274 1819 P.
303 1762 394 1831 Attio,
422 1760 508 1838 qudm
536 1780 603 1819 cum
637 1763 869 1821 concordissimis
896 1764 1042 1835 fratribus,
1069 1783 1137 1823 cum

143 1841 249 1899 alicnis
263 1860 335 1910 esse,
351 1838 437 1914 qudm
461 1858 528 1898 cum
543 1839 613 1911 suis,
638 1840 807 1901 maluissetf
848 1842 925 1901 Cium
949 1842 1010 1919 ipsa
1030 1844 1138 1921 legatio

141 1920 230 1997 plena
244 1919 380 1977 desiderii
395 1937 430 1976 ao
453 1918 655 1977 sollicitudinis
678 1919 788 1992 fuisset,
801 1934 913 1999 propter
936 1922 1136 1980 incredibilem

142 1998 291 2075 quendam
306 1996 425 2055 fratrum
440 2016 575 2068 amorem,
590 1998 639 2056 hio
653 2018 736 2073 aequo
757 2000 853 2059 arriano
875 2020 939 2058 esse
952 2001 1054 2077 potuit,
1069 1999 1186 2065 bettino

141 2075 269 2135 discidio
283 2076 437 2133 distractus
452 2095 469 2133 a
483 2076 638 2135 fratriburf

186 2154 307 2214 Nullum
323 2155 410 2232 igitur
424 2156 522 2226 habes,
537 2156 647 2227 Caesar,
663 2156 759 2214 adhuc
782 2155 812 2214 in
825 2155 866 2217 Q.
881 2156 1000 2234 Ligario
1022 2157 1137 2233 signum

141 2236 250 2293 alienae
277 2253 293 2292 a
321 2245 349 2292 te
376 2235 545 2293 voluntatis:
581 2235 664 2311 cujus
693 2255 748 2312 ego
774 2254 903 2306 causam,
932 2237 1137 2307 animadverte,

141 2333 252 2389 quaeso,
274 2313 331 2388 qud
354 2314 410 2371 fide
431 2315 594 2386 defendam,
617 2314 684 2372 oiim
712 2315 800 2390 prodo
820 2332 923 2372 meam.
963 2314 993 2372 Ο
1014 2315 1139 2389 clemen-

141 2387 216 2451 tiam
245 2393 453 2464 admirabilem,
475 2403 560 2467 atque
580 2394 658 2452 omni
680 2394 776 2464 laude,
800 2394 1014 2471 predicatione,
1036 2395 1136 2467 literis,
1150 2401 1188 2456 ’ὦ

111 2483 115 2490 “
142 2473 395 2546 monumentisque
410 2472 618 2531 decorandam!
661 2471 703 2530 M.
719 2474 825 2531 Cicero
847 2474 922 2550 apud
946 2484 975 2532 te
997 2475 1136 2547 defendit,

143 2552 235 2608 alium
251 2550 279 2608 in
294 2550 328 2607 eft
344 2551 488 2608 voluntate
503 2571 559 2610 non
585 2551 681 2622 fuisse,
706 2553 735 2610 iu
759 2553 816 2628 quft
839 2554 964 2630 seipsum
985 2555 1137 2614 confitetur

143 2631 251 2698 fuisse;
273 2649 329 2686 neo
356 2642 421 2686 tuas
444 2631 548 2694 tacitas
570 2631 758 2706 cogitationes
781 2632 960 2704 extimescit3
981 2654 1047 2705 nec,
1067 2635 1136 2711 quid

142 2708 209 2778 tibi,
224 2709 260 2766 de
276 2709 332 2766 alio
346 2710 484 2780 audienti,
500 2710 536 2766 de
551 2729 581 2766 se
597 2710 656 2785 ipso
669 2722 812 2782 occurrat,
827 2713 1001 2770 reformidat

185 2787 244 2843 III.
281 2787 365 2858 Vide,
381 2787 466 2863 quam
481 2809 538 2847 non
552 2790 750 2847 reformidem:
773 2791 847 2861 vide,
871 2803 980 2865 quanta
999 2792 1048 2848 lux
1067 2791 1138 2848 libe·
1150 2796 1187 2848 30

143 2865 268 2923 ralitatis
302 2877 331 2923 et
358 2868 505 2942 sapientiae
525 2878 582 2925 tuae
608 2869 679 2925 mihi
701 2870 776 2943 apud
796 2879 825 2926 te
845 2870 955 2926 dicenti
982 2869 1135 2927 oboriatur.

142 2943 300 3006 Quantum
313 2956 419 3021 potero,
435 2966 504 3004 voce
516 2947 699 3016 contendam,
714 2956 746 3003 ut
767 2947 887 3021 populus
910 2947 965 3003 hoc
986 2946 1138 3004 Romanus

144 3024 290 3081 exaudiat.
341 3026 481 3100 Suscepto
505 3026 589 3095 bello,
611 3026 721 3094 Caesar,
748 3034 829 3100 gesto
855 3023 943 3080 etiam
970 3043 1005 3080 ex
1031 3025 1138 3100 magna

144 3115 237 3178 parte,
252 3103 331 3160 nullia
345 3103 372 3160 vi
387 3115 514 3176 coactus,
527 3105 639 3180 judicio
652 3122 687 3160 ac
703 3103 847 3160 voluntate
862 3102 898 3159 ad
921 3121 957 3158 ea
979 3121 1059 3158 arma
1078 3123 1139 3177 pro·

146 3182 241 3239 fectus
255 3201 328 3253 sum,
343 3202 405 3257 quae
420 3195 502 3241 erant
516 3193 629 3259 sumpta
643 3194 744 3240 contra
757 3192 793 3240 te.
835 3181 923 3257 Apud
943 3199 1029 3256 quem
1051 3181 1137 3258 igitur
1151 3182 1188 3236 35

147 3261 203 3318 hoc
217 3261 305 3319 dicol
326 3281 429 3338 nempe
444 3263 518 3338 apud
534 3281 611 3332 eum,
626 3262 685 3336 qui,
701 3259 767 3319 oiim
783 3261 838 3318 hoc
852 3261 948 3332 sciret,
963 3271 1060 3318 tamen
1082 3280 1138 3332 me,

147 3351 301 3413 antequam
316 3341 396 3412 vidit,
421 3341 587 3417 reipublicae
611 3341 752 3411 reddidit;
774 3340 822 3415 qui
837 3340 874 3397 ad
895 3359 942 3399 me
963 3361 999 3399 ex
1014 3339 1139 3416 AEgypto

146 3417 244 3475 literas
259 3419 345 3489 misit,
361 3430 392 3477 ut
414 3439 507 3477 essem
522 3420 609 3490 idem,
624 3421 673 3493 qui
688 3420 821 3489 fuissem;
846 3419 905 3494 qui,
920 3418 988 3478 clun
1003 3420 1063 3495 ipse
1088 3420 1139 3474 im·

146 3507 258 3572 perator
281 3497 311 3554 in
334 3509 392 3556 toto
414 3499 534 3574 imperio
557 3498 652 3574 populi
672 3499 798 3557 Romani
820 3519 895 3556 unus
908 3509 993 3569 esset,
1008 3517 1072 3555 esse
1092 3517 1139 3555 me

148 3576 268 3633 alterum
282 3596 382 3652 passus
396 3587 457 3646 est;
481 3597 497 3634 a
512 3597 577 3651 quo,
593 3580 647 3635 hoo
671 3579 731 3654 ipso
744 3578 779 3636 C.
795 3578 889 3635 Pansa
911 3578 983 3634 mihi
1005 3577 1138 3634 nuntium
1152 3574 1188 3628 tu

146 3655 317 3729 perferente,
333 3675 485 3714 concessos
507 3657 600 3713 fasces
613 3657 755 3714 laureatos
776 3657 867 3726 tenui,
882 3657 976 3730 quoad
999 3656 1139 3713 tenendos

147 3733 260 3809 putavi3
282 3735 331 3808 qui
355 3735 426 3793 mihi
449 3745 511 3792 tum
535 3735 658 3810 denique
682 3755 713 3792 se
735 3736 856 3792 salutem
877 3735 987 3812 putavit
1010 3736 1089 3808 dare,
1113 3735 1137 3793 si

147 3831 210 3869 eam
224 3813 312 3870 nullis
326 3814 475 3891 spoliatam
489 3814 665 3872 ornamentis
679 3815 813 3872 dedisset.
