2775 4425
239 382 295 439 156
520 381 656 430 onemo
679 380 719 430 m
738 381 776 430 n.
793 381 996 431 anronrun.
1352 340 1353 411 l

322 522 352 579 0
365 524 533 598 praeclaram
556 525 633 582 illam
654 526 900 601 percursationem
915 535 995 583 tuam
1010 544 1106 582 mense
1126 525 1211 600 Aprili
1225 534 1249 582 at

282 623 338 678 qne
368 601 456 673 Maio,
485 614 555 673 tum,
584 603 652 662 cirm
690 607 778 681 etiam
800 605 933 681 Capuam
959 605 1100 662 coloniam
1129 605 1258 661 deducere
1352 592 1353 687 l

284 693 405 739 conatus
426 683 473 739 es!
516 682 774 743 Quemadmodum
797 685 877 742 illinc
899 685 1014 755 abieris,
1029 685 1071 740 vel
1087 681 1175 758 potius
1192 681 1257 758 pend
1352 704 1353 735 1

282 781 341 818 non
357 762 470 832 abieris,
485 763 602 820 scimus.
644 764 702 821 Cui
717 774 748 820 tu
763 764 827 821 urbi
843 763 994 821 minitaris.
1029 763 1142 820 Utinam
1155 781 1258 831 conere,

248 845 267 896 5
284 841 483 916 utaliquando
502 841 572 898 illud
587 849 604 874 “
617 842 718 900 Pend”
733 843 867 901 tollatur!

323 921 365 978 At
377 919 463 996 qndm
479 921 630 978 nobilitata
651 934 695 979 est
708 934 760 980 tua
783 923 833 979 illa
846 921 1045 998 pereginatio!
1085 919 1163 982 Quid
1186 938 1259 994 pran·
1352 940 1353 1003 ᾗ

282 999 394 1057 diorum
417 1011 580 1076 apparatus,
601 1001 671 1076 quid
698 1002 834 1059 furiosam
861 1001 1050 1058 vinolentiam
1074 1010 1159 1068 tuam,
1179 997 1249 1072 prole
1352 1010 1353 1033 ²

276 1098 342 1136 ram
354 1081 366 1136 l
408 1079 477 1136 Tua
491 1080 545 1137 ista
559 1081 733 1139 detrimenta
747 1092 833 1138 sunt:
855 1081 905 1137 illa
918 1092 1025 1138 nostra
1068 1081 1174 1156 Agrum
1185 1076 1260 1133 Cam·

281 1177 400 1234 panum,
423 1158 484 1234 (qui
506 1157 575 1215 cirm
597 1161 632 1216 de
654 1160 846 1236 vectigalibus
873 1159 1065 1229 eximebatur,
1087 1170 1117 1216 nt
1137 1156 1260 1213 militibus
1352 1190 1353 1215 r

236 1237 267 1290 10
282 1238 408 1308 daretur,
424 1251 520 1294 tamen
537 1238 627 1315 infligi
641 1259 778 1316 magnum
793 1239 961 1314 reipublicae
976 1239 1079 1295 vulnus
1091 1236 1259 1312 putabamus)
1352 1228 1353 1263 ³

242 1354 246 1364 ·
282 1319 361 1374 lrunc
376 1327 406 1374 tu
422 1319 673 1393 compransoribus
687 1319 745 1376 tuis
764 1330 793 1376 et
814 1319 1005 1377 collusoribus
1026 1317 1182 1376 dividebas
1214 1312 1262 1370 Mi·
1352 1314 1353 1387 J

283 1415 345 1454 mos
359 1398 426 1454 dico
440 1407 469 1453 et
483 1398 596 1468 mimas,
615 1399 713 1455 Patres
727 1397 904 1473 Conscripti,
920 1397 950 1454 in
966 1417 1036 1474 agro
1050 1396 1194 1470 Campano
1213 1392 1263 1448 col·
1352 1400 1353 1453 3

283 1476 401 1534 locatos.
442 1476 525 1538 Quid
551 1477 611 1553 jam
639 1497 741 1552 querar
769 1479 805 1534 de
827 1496 896 1552 agro
917 1476 1082 1534 Leontino?
1103 1471 1263 1550 quandoqui·
1352 1538 1353 1541 Ἴ

283 1557 349 1613 dem
365 1558 410 1614 he
431 1558 576 1632 qnondam
599 1557 742 1614 arationes
763 1556 905 1632 Campani
927 1567 957 1612 et
980 1555 1113 1613 Leontini
1137 1554 1165 1610 in
1178 1549 1262 1628 populi

237 1631 267 1682 15
284 1635 411 1692 Romani
432 1637 603 1711 patrimonio
619 1634 736 1713 [grandi
752 1637 874 1716 foenore]
891 1645 920 1691 et
937 1635 1092 1692 fructuosae
1106 1632 1261 1690 ferebantur.

283 1713 402 1772 Medico
417 1715 471 1771 tria
487 1716 576 1772 millia
593 1715 739 1791 jugerum,
754 1717 836 1791 quasi
850 1727 878 1771 te
892 1734 998 1772 sanum
1014 1714 1142 1782 lecisset3
1170 1707 1262 1768 rhetori
1352 1710 1353 1729 l

282 1793 350 1863 duc,
364 1794 445 1867 quasi
468 1791 607 1851 disertum
629 1795 725 1852 lacere
746 1795 895 1871 potuisset.
939 1795 1000 1851 Sed
1022 1794 1058 1851 ad
1081 1793 1132 1850 iter
1152 1789 1264 1846 ltaliam·

281 1891 338 1946 que
354 1873 515 1929 redeamus

322 1950 387 2007 XL.
430 1950 584 2008 Dednxisti
606 1951 751 2010 coloniam
765 1953 940 2021 Casilinum,
954 1951 1015 2029 qud
1029 1952 1126 2010 Caesar
1147 1945 1208 2006 ante
1221 1945 1262 2001 de·

231 2033 267 2087 ab
282 2029 411 2088 duxerat.
454 2030 634 2089 Consuluisti
663 2051 709 2088 me
730 2053 781 2110 per
802 2033 901 2090 literas
921 2033 957 2089 de
979 2032 1083 2108 Capua
1103 2040 1132 2086 tu
1152 2027 1262 2112 quidem,

282 2108 348 2185 (sed
370 2110 447 2168 idem
474 2111 510 2168 de
532 2111 663 2169 Casilino
684 2112 911 2189 respondissem)
933 2131 1082 2187 possesne,
1098 2109 1144 2166 ubi
1164 2106 1264 2164 colonia
1352 2122 1353 2127 ¹

281 2199 368 2262 esset,
389 2189 425 2249 ed
448 2191 591 2249 coloniam
614 2211 716 2251 novam
736 2191 800 2268 jure
821 2191 977 2251 deducere.
1021 2189 1142 2268 Negavi,
1164 2187 1264 2244 ineam

282 2271 437 2341 coloniam,
451 2290 514 2346 quae
529 2283 606 2329 esset
620 2270 771 2347 auspicatd
785 2272 922 2341 deducta,
937 2272 1008 2328 dum
1024 2280 1101 2329 esset
1115 2263 1263 2330 incolumis,
1352 2279 1353 2324 ἲ

284 2351 427 2407 coloniam
450 2369 552 2408 novam
572 2352 637 2426 jure
658 2352 781 2409 deduci:
803 2352 920 2409 colonos
941 2370 1033 2408 novos
1054 2347 1174 2407 adscribi
1193 2359 1264 2420 posse
1352 2371 1353 2428 3

231 2428 266 2482 25
285 2430 427 2504 rescripsi.
484 2430 533 2486 Tu
556 2442 662 2502 autern,
685 2431 838 2488 insolentid
859 2430 961 2500 elatus,
983 2430 1065 2487 omni
1087 2425 1263 2508 auspiciorum

282 2506 346 2581 jure
367 2508 490 2576 turbato,
505 2507 667 2567 Casilinum
690 2510 834 2567 coloniam
856 2509 1011 2580 deduxisti,
1027 2507 1084 2585 qud
1099 2518 1158 2565 erat
1176 2517 1265 2579 paucis

285 2585 369 2641 annis
384 2585 452 2642 antd
467 2586 603 2659 deducta,
619 2601 651 2646 ut
665 2590 800 2647 vexillum
821 2589 946 2660 tolleres,
960 2599 990 2645 et
1008 2599 1134 2646 aratrum
1155 2584 1264 2641 circum·
1352 2627 1353 2650 ,

285 2664 424 2721 duceres:
453 2665 537 2741 cujus
564 2669 679 2742 quidem
703 2688 816 2725 vomere
838 2682 948 2743 portam
976 2668 1087 2745 Capuae
1113 2661 1184 2741 pend
1211 2675 1263 2736 per·
1352 2675 1353 2682 ’

284 2742 434 2815 strinxisti,
450 2755 481 2801 nt
496 2744 623 2804 florentis
637 2747 759 2805 coloniae
772 2747 946 2805 territorium
962 2748 1146 2805 minueretur.

230 2818 265 2871 3⁰
324 2823 373 2881 Ab
387 2824 443 2880 hac
458 2825 629 2901 religionum
651 2827 877 2903 perturbatione,
892 2827 1008 2884 advolas
1023 2827 1052 2883 in
1075 2825 1115 2882 M.
1131 2814 1264 2883 Varronis,
1352 2885 1353 2888 Ἴ

283 2902 460 2960 sanctissimi
475 2916 560 2980 atque
575 2906 753 2983 integerrimi
768 2905 830 2977 viri,
841 2906 961 2963 fundum
975 2904 1165 2964 Cassinatem.
1202 2896 1265 2957 (211⁰
1352 2907 1353 2924 l

281 2982 367 3058 jurel
388 3004 444 3059 quo
465 2986 534 3041 orel
576 2984 698 3057 Eodem,
721 2986 843 3060 inquies,
859 3005 916 3061 quo
938 2984 967 3042 in
990 2986 1137 3042 haeredum
1161 2979 1192 3037 L.
1212 2974 1265 3063 Ru·
1352 2984 1353 2987 ’

284 3061 348 3132 brii,
363 3082 420 3137 quo
434 3063 463 3119 in
479 3064 624 3121 haeredum
641 3065 674 3121 L.
690 3063 819 3121 Turselii
839 3064 957 3140 praedia,
971 3084 1028 3139 quo
1043 3064 1073 3121 in
1094 3061 1211 3135 reliquas
1229 3071 1265 3109 rn-

283 3142 479 3199 numerabiles
505 3145 712 3219 possessiones.
755 3143 793 3200 Et
819 3143 843 3200 si
873 3145 909 3200 ab
936 3145 1030 3215 hastd,
1057 3142 1150 3200 valeat
1175 3138 1264 3220 bastaj

230 3212 265 3267 35
284 3222 398 3278 valeant
427 3223 542 3292 tabulae,
564 3222 650 3279 modd
672 3222 808 3292 Caesaris,
830 3242 888 3280 non
909 3234 984 3292 tuae3
1019 3223 1123 3299 quibus
1142 3213 1263 3278 debuisti,

284 3319 341 3358 non
364 3300 468 3375 quibus
489 3312 519 3357 tn
542 3314 570 3358 te
591 3301 777 3359 liberavisti.‘
800 3302 939 3360 Varronis
959 3302 1076 3377 quidem
1098 3297 1263 3377 Cassiuatern

284 3379 405 3437 fundum
426 3380 490 3455 quis
512 3380 635 3437 veniisse
656 3380 751 3438 dicitl
785 3382 849 3456 quis
871 3383 981 3438 hastam
1004 3382 1086 3439 istius
1107 3374 1264 3435 venditioms

284 3458 374 3517 viditl
394 3459 459 3534 quis
474 3478 573 3517 vocem
589 3461 731 3535 praeconis
746 3461 877 3518 audivitl
921 3460 1037 3518 Misisse
1056 3472 1084 3517 te
1104 3456 1175 3515 dicis
1188 3450 1264 3509 Alex·

284 3538 426 3609 andriam,
454 3538 503 3614 qui
531 3550 641 3596 emeret
668 3558 684 3596 a
711 3539 837 3597 Caesare.
880 3540 980 3616 Ipsum
1007 3540 1085 3597 enim
1111 3540 1263 3610 errspcottre

230 3605 265 3658 ⁴⁰
285 3636 422 3694 magnum
445 3617 506 3675 luit.
547 3618 626 3679 Quis
654 3616 722 3675 verd
751 3620 860 3676 audivit
881 3639 1019 3695 nuquam,
1042 3617 1160 3696 (nullius
1180 3619 1263 3667 aulem

258 3756 260 3768 ,
283 3697 361 3753 salus
384 3716 461 3754 cnrae
482 3696 612 3772 pluribus
640 3697 707 3776 luit)
730 3699 766 3754 de
788 3698 910 3755 fortunis
938 3700 1078 3756 Varronis
1104 3713 1162 3753 rem
1187 3686 1263 3746 ullam
1352 3703 1353 3754 ἶ

283 3794 346 3831 esse
361 3775 542 3833 detractaml
583 3775 674 3837 Quod
690 3778 715 3834 si
728 3776 816 3833 etiam
831 3775 946 3853 scripsit
961 3778 997 3833 ad
1012 3787 1040 3835 te
1053 3778 1158 3841 Caesar,
1169 3781 1199 3827 ut
1210 3760 1264 3823 red·
1352 3775 1353 3810 ἐ

284 3852 385 3919 deres;
407 3854 476 3927 quid
491 3856 560 3912 satis
575 3867 668 3930 potest
682 3856 742 3912 dici
757 3856 793 3913 de
809 3858 891 3914 tantri
906 3857 1106 3932 impudentidl
1146 3851 1262 3908 Remove
1352 3893 1353 3912 2

283 3927 395 4000 gladios
408 3948 562 4004 parumper
577 3934 649 4003 illos,
670 3954 742 4007 quos
756 3935 904 3992 videmus:
923 3935 983 4010 jam
1014 3933 1164 4009 intelliges,
1189 3923 1263 3983 aliam
