2775 4425
399 341 534 392 ORATIO
556 340 594 391 IN
617 341 654 391 Μ.
678 341 880 394 ANTONIUM.
1126 344 1182 404 {43

141 487 220 559 letis;
250 496 312 545 tum
342 485 395 545 iste
423 486 571 544 venditum
600 497 685 561 atque
715 485 928 563 emancipatum
954 486 1133 546 tribunatum

142 567 269 627 consiliis
282 565 384 623 vestris
397 565 542 642 opposuit;
564 567 749 640 cervicesque
762 585 829 623 suas
842 565 869 623 ei
890 566 1013 642 subjecit
1026 567 1132 638 securi,

142 648 197 723 qud
213 645 296 703 multi
310 645 469 702 minoribus
491 644 521 702 in
542 645 671 720 peccatis
690 645 870 704 occiderunt.
913 645 947 703 ln
975 657 1004 704 te
1025 657 1132 718 autem,

143 726 184 783 M.
201 723 322 794 Antoni,
343 724 373 780 id
393 723 521 781 decrevit
541 735 658 781 senatus
672 723 716 800 (et
738 725 856 799 quidem
879 723 1042 796 incolumis,
1062 744 1134 782 non·

143 806 212 865 dum
226 813 268 861 tot
288 803 447 860 luminibus
460 803 634 882 exstinctis),
655 804 732 879 quod
755 803 786 860 in
804 803 914 862 hostem
934 813 1063 880 togatum
1083 805 1133 862 de·
1162 807 1182 861 5

137 883 223 942 ,cerni
244 891 288 940 est
308 881 423 940 solitum
444 899 522 940 more
543 881 691 958 majorum.
733 881 772 940 Et
785 892 817 938 tu
841 882 916 1018 apud
936 882 1037 940 Patres
1056 883 1133 942 Con·

144 963 264 1038 scriptos
278 970 378 1020 contra
399 979 445 1020 me
465 961 563 1018 dicere
584 979 670 1018 ausus
690 979 732 1032 es,
753 958 821 1019 cum
840 979 857 1018 a
890 962 946 1019 hoc
958 961 1059 1020 ordine
1079 981 1134 1040 ego

144 1049 326 1100 conservator
347 1058 450 1111 essem,
471 1049 502 1096 tu
523 1039 620 1111 hostis,
648 1040 813 1117 reipublice
830 1040 999 1117 judicatusl
1047 1040 1134 1099 Com-
1211 1113 1215 1120 .

144 1117 313 1178 memoratio
333 1117 410 1176 illius
430 1118 472 1175 tui
492 1119 610 1176 sceleris
638 1118 801 1177 intermina
827 1130 880 1190 est,
907 1139 964 1178 non
995 1120 1133 1179 memoria

144 1199 247 1256 deleta
290 1197 369 1254 Dum
383 1216 475 1274 genus
498 1197 656 1270 hominurn,
670 1199 739 1256 dnm
760 1198 856 1275 populi
880 1198 1007 1257 Romani
1027 1218 1131 1258 nomen
1149 1198 1182 1251 1⁰

144 1277 268 1336 exstabit
283 1275 373 1352 (quod
387 1275 502 1350 quidem
517 1277 580 1348 erit,
603 1278 627 1335 si
650 1297 701 1354 per
722 1289 750 1335 te
764 1277 888 1349 licuerit,
902 1277 1130 1358 sempiternum),

145 1367 194 1414 tua
209 1355 259 1413 illa
272 1355 407 1430 pestilera
421 1355 589 1414 intercessio
601 1356 803 1414 nominabitur.

182 1433 267 1496 Quid
281 1432 385 1509 cupide
402 1444 544 1505 asenatu,
566 1435 634 1510 quid
655 1435 764 1492 temere
789 1431 968 1505 fiebat,ci1m
986 1444 1028 1506 tu,
1049 1453 1134 1505 unus,

146 1513 323 1584 adolescens,
338 1513 503 1570 universum
517 1513 647 1572 ordinem
664 1513 822 1572 decernere
845 1513 882 1570 de
895 1513 988 1572 salute
1002 1513 1136 1589 reipubli-

145 1611 187 1650 cae
210 1591 401 1669 prohibuistil
422 1611 516 1668 neque
539 1593 567 1650 id
591 1592 691 1663 semel,
713 1593 764 1650 sed
787 1592 909 1669 sepius:
931 1611 1023 1668 neque
1043 1603 1075 1649 tu
1095 1603 1136 1650 te·
1150 1587 1184 1641 15

145 1690 214 1729 cum
235 1670 272 1728 de
302 1669 419 1729 senatuis
439 1672 617 1729 ‘auctoritate
646 1671 692 1748 agi
722 1691 823 1748 passus
852 1692 892 1729 es.
933 1671 1016 1734 Quid
1038 1683 1134 1728 autern

146 1751 296 1826 agebatur,
323 1749 380 1806 nisi
403 1769 440 1807 ne
460 1751 556 1808 delere
577 1762 606 1808 et
627 1761 755 1809 evertere
777 1751 984 1827 rempublicam
1006 1751 1135 1809 funditus

145 1829 243 1900 velles,
258 1827 327 1885 cdm
340 1838 368 1886 te
382 1848 475 1904 neque
498 1830 641 1907 principes
665 1830 790 1888 civitatis
812 1830 948 1908 rogando,
963 1851 1057 1906 neque
1075 1849 1135 1887 ma·

143 1908 220 1984 jores
241 1917 311 1965 natu
341 1909 492 1979 monendo,
522 1929 615 1984 neque
647 1909 781 1985 frequens
810 1921 927 1968 senatus
955 1910 1076 1987 agendo,
1098 1909 1135 1967 de

146 1987 263 2044 vendite
285 1998 370 2062 atque
401 1987 517 2044 addicta
545 1989 687 2046 sententia
715 1989 867 2046 demovere
895 1990 1006 2064 potuitl
1054 1988 1134 2045 Tum
1147 1991 1184 2046 Ὦ

147 2066 228 2137 illud,
242 2066 340 2122 multis
363 2066 449 2124 rebus
470 2065 536 2124 antd
559 2067 685 2138 tentatis,
707 2066 872 2125 necessario
896 2067 948 2123 tibi
969 2067 1073 2124 vulnus
1093 2067 1136 2124 in·

147 2144 268 2216 dictum,
283 2145 359 2220 quod
378 2146 479 2222 paucis
500 2156 566 2204 ante
586 2157 634 2204 te:
656 2165 777 2222 quorum
791 2145 943 2202 incolumis
963 2145 1020 2202 suit
1040 2163 1133 2202 nemo.

146 2224 226 2281 Tum
247 2236 349 2282 contra
368 2235 396 2283 te
417 2226 497 2283 dedit
517 2246 597 2284 arma
618 2226 666 2283 hic
686 2226 756 2284 ordo
776 2224 942 2283 consulibus
962 2224 1135 2299 reliquisque

146 2303 274 2380 imperiis
287 2314 316 2361 et
329 2305 516 2379 potestatibus
524 2326 531 2376 ;
553 2325 616 2382 quae
631 2324 688 2363 non
708 2304 868 2382 effugisses,
889 2303 945 2361 nisi
959 2314 988 2361 te
1002 2304 1039 2361 ad
1056 2322 1136 2360 arma

146 2383 273 2441 Caesaris
286 2382 464 2441 contulisses.
1148 2379 1185 2435 25

185 2461 290 2520 XXII.
325 2462 385 2533 Tu,
400 2473 441 2533 tu,
457 2464 584 2539 inquam,
609 2462 650 2521 M.
667 2463 787 2535 Antoni,
808 2462 942 2540 princeps
963 2463 998 2522 C.
1014 2461 1134 2533 Caesari,

145 2541 243 2600 omnia
257 2542 423 2617 perturbare
438 2543 576 2619 cupienti,
600 2562 718 2601 causam
733 2543 800 2600 belli
815 2553 915 2602 contra
926 2543 1048 2621 patriam
1063 2542 1135 2602 iale-

146 2620 229 2679 rendi
244 2620 356 2677 dedisti.
397 2621 480 2684 Quid
494 2622 572 2679 enim
597 2622 674 2681 aliud
689 2623 737 2680 ille
751 2622 887 2681 dicebatl
908 2642 994 2699 quam
1015 2640 1134 2681 causam

147 2699 355 2757 dementissimi
369 2700 413 2757 sui
435 2701 546 2759 consilii
567 2711 596 2758 et
618 2701 686 2759 sacti
712 2702 858 2774 afferebat,
882 2703 938 2761 nisi
952 2702 1030 2779 qubd
1049 2704 1136 2760 inter·

147 2778 240 2836 cessio
253 2778 396 2855 neglecta,
409 2778 455 2854 jus
475 2780 660 2838 tribunicium
685 2782 839 2851 subletum,
863 2782 1098 2856 circumscriptus
1118 2788 1185 2842 sau

147 2868 249 2915 senatu
269 2868 345 2916 esset
372 2859 536 2916 Antonius?
586 2859 708 2930 Omitto,
735 2857 822 2933 qudm
849 2860 912 2916 haec
939 2861 1021 2929 falsa,
1048 2858 1135 2933 qudm

147 2936 237 3006 levia3
268 2938 424 3012 praesertim
452 2937 519 2995 curn
546 2939 662 2997 omnino
689 2938 769 2995 nulla
797 2956 885 2993 causa
903 2938 980 3012 justa
1000 2937 1136 3010 cuiquam

147 3035 210 3073 esse
231 3016 320 3091 possit
347 3026 447 3074 contra
471 3017 593 3093 patriam
621 3036 702 3074 arma
727 3015 870 3090 capiendi.
924 3016 984 3072 Sed
1007 3014 1078 3072 nilril
1100 3015 1137 3070 de

148 3094 283 3152 Cesare:
304 3094 357 3151 tibi
376 3095 454 3153 certe
479 3096 674 3155 confitendum
696 3104 749 3164 est,
764 3112 882 3151 causam
903 3091 1136 3169 perniciosissimi

148 3173 215 3231 belli
230 3174 261 3231 in
274 3175 396 3249 persona
410 3175 460 3232 tud
475 3174 644 3233 constitisse.
685 3173 715 3230 Ο
729 3173 865 3230 miserum
883 3182 922 3244 te,
944 3172 969 3229 si
983 3171 1135 3247 intelligisl
1150 3176 1187 3229 35

148 3252 335 3323 miseriorem,
360 3254 384 3310 si
408 3274 464 3312 non
487 3255 633 3331 intelligis,
658 3253 712 3311 hoc
732 3251 824 3309 literis
843 3252 984 3323 mandari,
1003 3252 1058 3309 boc
1079 3270 1139 3307 me·

148 3332 244 3389 morire
258 3332 349 3408 prodi,
366 3332 449 3408 hujus
473 3333 514 3391 rei
536 3353 573 3391 ne
594 3332 788 3410 posteritatem
810 3332 925 3405 quidem
939 3332 1066 3390 omnium
1088 3348 1139 3386 sae·

148 3410 279 3468 culorum
293 3430 419 3485 unquam
434 3412 629 3470 immemorem
645 3412 714 3482 lore,
729 3411 861 3469 consules
882 3432 917 3469 ex
939 3411 1023 3468 Italitl
1039 3428 1139 3466 excus-

148 3508 202 3561 sos,
218 3508 344 3565 cumque
366 3490 410 3547 his
424 3491 478 3550 Cn.
502 3492 680 3567 Pompeium,
695 3491 743 3565 qui
759 3490 870 3567 imperii
893 3490 989 3567 populi
1010 3487 1137 3545 Romani

147 3568 237 3626 decus
252 3588 287 3626 ec
302 3569 399 3627 lumen
414 3570 486 3641 suit;
507 3589 606 3629 omnes
621 3569 796 3640 consulares,
810 3570 869 3645 qui*
880 3589 930 3646 per
944 3568 1137 3627 valetudinem
1152 3574 1189 3627 40

147 3648 264 3723 exsequi
279 3648 393 3705 cladem
414 3649 493 3707 illam
514 3651 668 3726 fugamque
687 3649 861 3724 potuissent;
882 3659 1025 3725 praetores,
1040 3656 1138 3723 praeto·

146 3728 212 3798 rios,
228 3727 474 3803 tribunusplebis,
489 3747 625 3805 magnam
648 3738 759 3804 partem
783 3728 909 3798 senatus,
923 3746 1038 3785 omnem
1058 3727 1138 3783 sobo·

145 3806 202 3863 lern
215 3806 384 3881 juventutis,
407 3826 521 3881 unoque
535 3808 631 3878 verbo,
653 3805 861 3881 rempublicam
881 3806 1027 3883 expulsam
1052 3817 1137 3881 atque

145 3884 367 3943 exterminatam
382 3886 441 3944 suis
455 3887 586 3944 sedibus!
