2775 4425
184 362 240 422 136
385 313 389 326 Ι
490 363 625 412 ORATIO
649 361 686 410 IN
711 361 747 410 M.
772 359 976 410 ANTONIUM.

229 515 363 563 oneraret
390 505 499 564 alienis.
540 505 619 567 Quis
646 506 724 563 enim
746 524 842 562 meum
863 505 893 561 in
916 503 998 560 istius
1026 501 1222 579 gloriosissim‘

231 583 300 640 sacti
328 585 508 642 conscientia
535 604 640 642 nomen
669 585 800 641 audivitl
829 585 913 660 cujus
941 594 1047 652 autem,
1068 582 1116 657 qui
1138 582 1168 638 in
1189 600 1225 637 eo

230 681 351 722 numero
371 663 481 735 suisset,
503 683 607 721 nomen
628 675 671 721 est
691 664 891 721 occultatum?
925 662 1114 719 Occultatum
1134 661 1224 718 dicol

231 741 314 817 cujus
341 762 398 800 non
419 743 516 800 statim
544 743 745 819 divulgatuml
779 741 875 799 Citiris
895 741 1027 812 dixerim,
1045 740 1172 816 jacuisse
1193 759 1225 795 se

198 820 352 894 5aliquos,
367 832 399 878 ut
420 821 508 879 luisse
529 823 558 879 in
580 822 635 879 ists
655 822 793 879 societate
814 822 988 890 viderentur,
1003 821 1052 893 qui
1073 819 1145 876 socii
1166 838 1225 875 non

232 899 363 972 luissent,
378 899 465 975 qudm
479 911 511 958 ut
525 901 675 976 quisquam
690 900 779 957 celari
793 901 887 970 vellet,
902 900 950 975 qui
966 899 1072 956 fuisset.

270 979 372 1041 Quem
394 980 546 1038 verisimile
567 979 650 1055 porro
671 990 725 1050 est,
747 980 777 1036 in
797 990 839 1036 tot
859 979 1032 1048 bominibus,
1053 975 1157 1053 partim
1177 977 1227 1034 ob-

231 1059 334 1129 scuris,
348 1059 451 1134 partim
474 1059 705 1116 adolescentibus
725 1058 870 1116 neminem
888 1057 1112 1127 occultantibus,
1126 1075 1226 1113 meum

231 1156 337 1195 nomen
358 1138 447 1195 latere
467 1138 615 1214 potuisset
649 1137 777 1208 Etenim,
792 1138 816 1194 si
838 1148 969 1194 auctores
989 1137 1025 1192 ad
1043 1135 1226 1192 liberandam

183 1225 217 1279 10
232 1216 353 1292 patriam
374 1216 605 1274 desiderarentur
627 1217 683 1273 illis
705 1217 880 1286 auctoribus,
902 1215 1005 1272 Brutos
1025 1234 1079 1291 ego
1099 1215 1227 1289 impelle·

232 1314 304 1366 rem,
325 1314 446 1371 quorum
473 1305 594 1372 uterque
621 1295 655 1352 L.
677 1295 760 1352 Bruti
781 1295 937 1371 imaginem
958 1294 1085 1370 quotidie
1105 1294 1227 1363 videret,

233 1374 304 1432 alter
325 1376 413 1433 etiam
434 1375 559 1433 Ahalael
595 1375 651 1432 His
671 1375 759 1452 igitur
788 1375 945 1450 majoribus
971 1374 1036 1443 orti,
1059 1373 1095 1429 ab
1123 1372 1228 1429 alienis

231 1453 327 1531 potiris
354 1454 506 1512 eonsilium
532 1464 672 1530 peterent,
700 1451 787 1528 quam
815 1472 832 1510 a
859 1453 942 1510 suist
977 1464 1006 1510 et
1033 1451 1100 1509 loris
1120 1449 1227 1527 potitis,

233 1531 321 1610 qudm
341 1534 446 1592 domol
477 1534 582 1596 Quidl
614 1534 648 1591 C.
664 1532 793 1603 Cassius,
809 1532 838 1590 in
859 1533 894 1589 ed
916 1531 1025 1589 familia
1045 1542 1140 1601 natus,
1162 1550 1229 1604 qnae

185 1617 219 1671 15
234 1633 290 1670 non
306 1612 391 1671 modb
406 1613 594 1684 dominatum,
609 1612 660 1670 sed
681 1631 719 1669 ne
738 1612 895 1687 potentiam
914 1611 1041 1686 quidem,
1055 1611 1228 1685 cujusquam

233 1692 308 1750 serre
334 1692 435 1767 potuit,
457 1709 503 1749 me
532 1701 678 1749 auctorem
701 1690 815 1769 (credo)
839 1690 1028 1748 desideravit:
1056 1690 1117 1764 qui,
1137 1690 1228 1746 etiam

233 1770 296 1826 sine
317 1771 362 1826 his
382 1770 550 1828 clarissimis
569 1770 647 1841 viris,
669 1771 746 1827 hanc
773 1789 833 1827 rem
860 1770 891 1827 in
918 1769 1035 1840 cilicie,
1058 1769 1094 1826 ad
1120 1769 1229 1826 ostium

233 1847 361 1904 fluminis
382 1848 478 1924 Cydni
499 1848 681 1920 confecisset,
696 1849 722 1906 si
742 1848 791 1907 ille
813 1849 927 1905 adeam
942 1849 1043 1924 ripam,
1058 1867 1144 1922 quam
1159 1867 1230 1906 con·

232 1926 374 1996 stituerat,
395 1947 453 1984 non
475 1926 511 1984 ad
532 1927 716 2002 contrariam,
737 1947 826 1986 naves
848 1927 1010 2004 appulisset.
1051 1927 1105 1984 Cn.
1128 1927 1230 1984 Domi-

182 2008 219 2063 20
232 2005 305 2062 tium
320 2025 378 2064 non
397 2006 486 2082 patris
505 2007 646 2078 interitus,
662 2007 815 2064 clarissimi
829 2007 892 2077 viri,
907 2026 964 2065 non
985 2007 1119 2064 avunculi
1140 2025 1228 2077 mors,

233 2104 291 2143 non
314 2085 446 2161 spoliatio
472 2085 631 2162 dignitatis,
656 2087 691 2143 ad
721 2087 948 2162 recuperandam
974 2086 1147 2157 libertatem,
1175 2087 1227 2142 sed

234 2183 301 2223 mea
322 2165 488 2238 auctoritas,
509 2165 667 2226 excitavitl
702 2166 750 2224 An
772 2165 807 2224 C.
829 2165 978 2225 Trebonio
1000 2185 1055 2243 ego
1076 2165 1228 2241 persuasil

234 2245 283 2303 cui
304 2265 341 2304 ne
361 2248 483 2305 suadere
503 2247 621 2321 quidem
642 2265 728 2303 ausus
748 2264 849 2303 essem.
890 2245 962 2307 Quo
981 2246 1067 2303 etiam
1089 2245 1228 2321 majorem

234 2324 261 2382 ei
283 2326 447 2401 respublica
467 2326 590 2403 gratiam
611 2326 706 2396 debet,
727 2326 776 2400 qui
798 2325 958 2382 libertatem
978 2324 1073 2400 populi
1098 2324 1228 2381 Romani

183 2408 219 2461 25
234 2404 320 2460 unius
355 2405 489 2462 amicitiae
522 2406 683 2481 praeposuit,
712 2404 901 2480 depulsorque
935 2402 1108 2474 dominatus,
1139 2401 1227 2477 quiam

232 2482 386 2557 particeps
401 2502 465 2539 esse
487 2484 595 2540 maluit.
638 2484 687 2541 An
709 2484 742 2540 L.
758 2484 865 2540 Tillius
879 2483 998 2539 Cimber
1012 2492 1116 2540 meest
1130 2493 1229 2540 aucto·

233 2577 294 2615 rem
309 2561 449 2616 secutusl
470 2579 555 2634 quem
570 2581 624 2637 ego
638 2563 732 2638 magis
746 2563 850 2620 fecisse
871 2561 949 2618 illam
970 2580 1031 2619 rem
1051 2581 1114 2619 sum
1137 2562 1228 2620 admi·

233 2646 322 2705 ratus,
343 2636 431 2711 qudm
460 2638 602 2696 facturum
629 2642 735 2717 putavi.
778 2642 948 2699 Admiratus
974 2660 1039 2697 sum
1066 2652 1162 2698 autem
1189 2641 1228 2699 ob

233 2732 297 2772 eam
320 2734 448 2782 causam,
470 2714 547 2791 qudd
573 2719 722 2777 immemor
749 2720 965 2791 beneficiorum,
987 2738 1095 2778 memor
1115 2721 1226 2795 patriae,

182 2801 219 2856 30
234 2793 342 2851 fuisset.
383 2795 467 2857 Quid
482 2796 554 2854 duos
568 2798 714 2869 Servilios,
730 2800 840 2856 Cascas
859 2800 965 2870 dicam,
981 2818 1018 2856 an
1038 2799 1169 2857 Abalasl
1198 2811 1228 2857 et

234 2872 285 2930 hos
307 2875 476 2933 auctoritate
504 2877 568 2933 med
590 2897 692 2935 censes
712 2878 852 2936 excitatos
871 2877 976 2954 potiris,
997 2876 1084 2951 quam
1106 2878 1227 2936 caritate

233 2953 422 3029 reipublicael
457 2954 589 3032 Longum
611 2966 654 3014 est
673 2958 805 3034 persequi
828 2969 964 3015 caeteros:
986 2957 1073 3031 idque
1092 2958 1227 3033 reipubli·
1305 3016 1314 3023 ,

234 3052 276 3091 cre
290 3033 470 3109 praeclarum,
486 3034 573 3093 fuisse
587 3046 646 3092 tam
661 3036 765 3093 multos
773 3056 780 3105 ;
803 3037 871 3111 ipsis
884 3036 1047 3113 gloriosum.

273 3112 346 3170 ΧΙΙ.
382 3113 432 3184 At,
447 3116 687 3188 quemadmodum
709 3133 755 3173 me
777 3116 940 3191 coarguerit
958 3116 1042 3173 homo
1057 3125 1169 3186 acutus,
1184 3136 1228 3173 re-

183 3203 219 3257 35
234 3192 402 3250 cordamini.
444 3193 591 3251 “Caesare
611 3194 792 3264 interfect0,''
808 3194 910 3268 inquit,
925 3201 944 3227 “
955 3194 1052 3251 statim
1073 3206 1227 3252 cruentum

234 3270 291 3327 alte
313 3270 451 3328 extollens
479 3271 520 3327 M.
543 3271 649 3329 Brutus
675 3273 841 3349 pugionem,
862 3274 1036 3331 Ciceronem
1056 3274 1228 3331 nominatim

234 3349 415 3419 exclamavit,
431 3360 515 3423 atque
537 3351 564 3407 ei
585 3362 783 3427 recuperatam
803 3352 965 3410 libertatem
979 3362 1023 3410 est
1037 3352 1225 3428 gratulatus.'’

233 3429 294 3486 Cur
310 3428 379 3485 mihi
394 3427 596 3504 potissimdml
627 3429 705 3505 qudd
726 3431 877 3489 sciebam?
908 3432 995 3502 Vide,
1010 3451 1047 3488 ne
1068 3431 1117 3487 illa
1137 3451 1227 3490 causa

233 3508 320 3565 fuerit
344 3507 505 3584 appellandi
529 3526 586 3579 me,
601 3508 688 3583 quod,
711 3509 779 3566 cirm
803 3530 864 3568 rem
886 3512 1022 3587 gessisset
1046 3510 1227 3567 consimilem

182 3592 218 3647 40
233 3588 319 3643 rebus
334 3587 369 3644 iis
382 3606 454 3662 quas
475 3587 534 3662 ipse
555 3607 711 3662 gesseram,
727 3607 774 3646 me
793 3588 972 3666 potissimum
993 3598 1114 3647 testatus
1128 3600 1181 3660 est,
1196 3610 1227 3647 se

233 3666 369 3721 aemulum
397 3684 526 3723 mearum
557 3667 675 3723 laudum
700 3669 850 3726 exstitisse.
892 3668 942 3725 Tu
963 3679 1071 3739 autem,
1096 3668 1226 3725 omnium

233 3742 409 3814 stultissime,
425 3765 481 3803 non
496 3745 641 3821 intelligia,
656 3746 681 3803 si
703 3746 742 3818 id,
757 3750 832 3822 quod
853 3768 900 3805 me
922 3749 1028 3824 arguis,
1040 3748 1166 3805 voluisse
1185 3748 1225 3805 in·

232 3820 325 3875 terlici
356 3822 512 3893 Caesarem,
534 3826 644 3881 crimen
675 3825 730 3895 sit;
764 3828 863 3897 etiam,
884 3827 1011 3884 laetatum
1042 3846 1105 3884 esse
1135 3838 1227 3885 morte

233 3895 367 3965 Caesaris,
382 3900 492 3957 crimen
513 3904 598 3959 essel
630 3903 715 3965 Quid
739 3906 817 3963 enim
842 3905 961 3963 interest
982 3907 1057 3964 inter
1078 3924 1228 3965 suasorem
