2775 4425
179 363 237 422 142
483 363 619 412 ORATIO
642 361 680 412 IN
703 363 741 410 M.
764 362 966 412 ANTONIUM.

227 505 358 564 audiatis.
400 506 495 564 Debet
509 507 587 564 enim
600 506 707 564 talibus
722 506 751 564 in
771 506 858 564 rebus
877 506 1005 564 excitare
1026 507 1148 580 animos,
1162 527 1221 566 non

226 585 352 661 cognitio
366 585 457 643 solirm
478 605 585 656 rerum,
600 586 650 643 sed
672 586 760 643 etiam
782 585 951 643 recordatio.
994 586 1127 643 Tametsi
1149 587 1222 644 inci·

226 664 328 720 damus
340 675 450 740 oportet
465 665 569 734 media,
585 684 621 722 ne
636 665 722 721 nimis
736 662 801 721 serd
817 665 853 720 ad
867 675 995 720 extrema
1010 666 1169 723 veniamus.

265 741 389 799 Intimus
402 753 464 801 erat
478 744 508 801 in
523 710 670 801 tribunatu
685 742 797 813 Clodio,
812 742 861 817 qui
882 761 934 800 sua
955 762 1025 819 erga
1045 763 1091 800 me
1112 744 1222 802 benefi-

193 821 273 888 5cia
301 833 521 892 commemorat3
551 823 613 899 ejus
640 822 769 879 omnium
799 822 999 878 incendiorum
1029 822 1084 878 sax.
1126 824 1222 913 Cujus

225 901 312 958 etiam
327 901 405 959 dumi
419 867 577 976 quiddam
567 920 627 976 Jarn
648 909 710 956 tum
730 900 846 958 molitus
866 910 929 956 est.
952 900 1021 974 quid
1035 900 1167 971 dicam,'
1159 921 1221 978 rpse

224 978 331 1056 optimd
364 980 504 1057 intelligit.
554 979 613 1037 Iter
642 979 710 1036 inde
739 978 946 1036 Alexandriam
976 990 1077 1036 contra
1098 982 1220 1038 senatris

227 1058 435 1130 auctoritatem,
457 1069 558 1117 contra
578 1058 750 1134 religiones:
779 1059 829 1115 sed
851 1058 976 1114 habebat
1003 1058 1109 1116 ducem
1130 1060 1222 1117 Gabi-

225 1138 316 1208 nium,
338 1137 455 1212 quicum
475 1137 588 1213 quidvis
616 1135 777 1195 rectissime
807 1137 903 1195 facero
930 1147 1031 1212 posset.
1072 1137 1137 1199 Qui
1158 1149 1221 1196 tum

178 1225 212 1278 10
227 1217 295 1275 inde
324 1217 441 1288 reditus,
471 1227 520 1274 aut
548 1215 660 1291 qualisl
712 1213 798 1274 Prius
826 1216 855 1273 in
885 1215 1016 1272 ultimam
1035 1217 1163 1274 Galliam
1185 1238 1222 1275 ex

227 1296 362 1372 AEgypto‚
383 1294 469 1372 qudm
497 1298 623 1353 domum.
663 1294 742 1356 Qua
771 1303 867 1352 autem
895 1304 957 1352 erat
985 1296 1107 1353 domusl
1137 1316 1221 1354 suam

226 1375 304 1433 enim
331 1375 450 1450 quisque
471 1376 587 1432 domum
608 1384 668 1431 tum
689 1373 852 1442 obtinebat;
884 1392 979 1447 neque
1007 1384 1070 1431 erat
1097 1394 1220 1450 usquam

226 1465 284 1512 tua.
327 1454 452 1512 Domum
466 1455 553 1512 dicol
584 1453 653 1529 quid
674 1451 786 1510 eratin
807 1453 900 1523 terris,
921 1452 971 1509 ubi
993 1452 1022 1509 in
1043 1462 1094 1511 tuo
1113 1455 1220 1529 pedem

226 1553 357 1609 poneres,
371 1545 472 1611 praeter
487 1552 576 1590 unum
601 1531 758 1603 Misenum,
772 1531 848 1607 quod
870 1549 937 1588 cum
968 1531 1064 1603 sociis,
1079 1542 1221 1607 tanquam

179 1616 213 1670 15
228 1613 406 1687 Sisaponem,
421 1613 561 1669 tenebasl

266 1691 337 1748 XX.
372 1691 485 1749 Venisti
506 1711 523 1749 e
542 1690 639 1748 Gallia
661 1690 697 1747 ad
719 1701 891 1764 quaesturam
918 1688 1081 1764 petendam.
1131 1691 1221 1749 Aude

227 1769 334 1838 dicere,
349 1781 378 1826 te
398 1767 477 1844 prius
499 1770 534 1826 ad
559 1767 721 1845 [parentem
741 1768 834 1903 tuaml]
857 1767 979 1838 venisse,
993 1766 1080 1843 qudm
1102 1769 1138 1826 ad
1159 1789 1217 1828 me.

226 1848 408 1922 Acceperam
422 1848 500 1904 enim
517 1847 577 1922 jam
592 1845 659 1904 antd
675 1847 801 1904 Caesaris
832 1846 927 1918 iteras,
943 1856 975 1903 ut
994 1846 1065 1904 mihi
1086 1848 1220 1907 satisfieri

225 1935 376 2002 paterere
403 1936 448 1982 te:
471 1927 567 1999 itaque
595 1945 632 1983 ne
662 1925 740 2000 loqui
768 1925 885 2001 quidem
915 1944 980 1982 sum
1007 1935 1037 1984 te
1056 1945 1159 2002 passus
1179 1928 1219 1986 de

177 2016 212 2070 20
227 2004 328 2081 gratini.
370 2004 472 2064 Postea
487 2005 646 2062 custoditus
659 2023 724 2061 sum
749 2023 766 2061 a
786 2015 825 2075 te,
847 2014 879 2060 tn
900 2023 977 2061 ame
996 2005 1165 2063 observatus
1187 2007 1219 2064 in

227 2084 363 2162 petitione
383 2095 549 2160 questura:
572 2103 630 2160 quo
657 2084 773 2160 quidem
802 2093 929 2159 tempore
950 2084 981 2141 P.
1004 2083 1150 2157 Clodium,
1172 2104 1222 2162 ap-

226 2164 364 2242 probante
377 2164 480 2242 populo
494 2163 637 2236 Romano,
653 2164 682 2221 in
697 2163 758 2221 foro
771 2182 802 2221 cs
823 2173 943 2222 conatus
963 2163 1117 2223 occidere:
1139 2163 1223 2224 cirm-

228 2264 284 2319 que
295 2264 359 2301 eam
374 2264 434 2302 rem
448 2246 498 2302 tud
512 2254 611 2320 sponte
626 2262 773 2313 conarere,
788 2262 846 2299 non
869 2242 993 2319 impulsu
1017 2262 1097 2313 meo;
1119 2253 1220 2315 tamen

229 2322 269 2380 ita
289 2324 475 2399 praedicabas,
503 2334 532 2381 te
562 2344 619 2381 non
640 2322 814 2391 existimare,
834 2320 891 2379 nisi
912 2321 992 2379 illum
1013 2322 1221 2396 interfecisses,

177 2411 213 2465 25
229 2421 354 2477 uuquam
376 2403 456 2472 mihi,
480 2422 530 2477 pro
558 2402 615 2459 tuis
635 2402 665 2460 in
686 2420 733 2458 me
754 2400 875 2476 injuriis,
889 2400 960 2460 satis
979 2420 1043 2459 esse
1064 2402 1219 2461 facturum.

228 2480 262 2536 In
277 2499 333 2554 quo
347 2447 480 2550 demirdr,
496 2499 547 2537 cur
562 2480 703 2539 Milonem
724 2479 846 2555 impulsu
860 2498 925 2537 meo
945 2498 1006 2538 rent
1027 2480 1106 2539 illam
1123 2482 1220 2558 egisse

227 2557 318 2626 dicas,
333 2556 400 2613 edm
423 2568 462 2629 te,
484 2558 559 2615 ultro
579 2559 650 2617 mihi
671 2559 748 2616 idem
770 2558 841 2615 illud
861 2558 1048 2631 deferentem,
1068 2579 1221 2635 nunquam

227 2634 280 2692 sim
303 2602 486 2692 adhortatus:
507 2656 682 2711 quanquam,
703 2638 728 2695 si
749 2637 779 2694 in
800 2657 834 2695 eo
853 2657 1059 2713 perseverares,
1081 2639 1117 2696 ad
1138 2651 1221 2697 tuam

227 2713 346 2790 gloriam
360 2732 420 2771 rem
435 2714 513 2771 illam
528 2716 627 2773 referri
642 2717 796 2806 malebam,
810 2714 897 2812 quint
921 2717 957 2774 ad
976 2736 1070 2775 meam
1085 2719 1219 2794 gratiam

175 2798 211 2853 30
264 2791 399 2853 Quaestor
414 2812 445 2850 es
460 2793 562 2866 lactus,
578 2795 682 2853 deinde
703 2793 1220 2871 continud,sinesenati1s·consulto,

226 2871 288 2930 sine
303 2883 387 2944 sorte,
402 2872 464 2930 sine
479 2873 553 2963 lege,
569 2875 604 2931 ad
619 2876 766 2932 Caesarem
786 2874 956 2931 cucurristi.
978 2875 1008 2931 id
1028 2875 1106 2932 enim
1127 2895 1220 2933 unum

227 2952 256 3010 in
281 2952 373 3023 terris,
396 2952 541 3028 egestatis
563 2953 627 3011 aeris
648 2953 745 3024 alieni,
768 2953 914 3027 nequitie,
928 2952 1046 3029 perditis
1066 2954 1131 3011 vitae
1151 2956 1221 3013 rati·

225 3032 338 3101 onibus,
352 2998 513 3121 perfugium
529 3052 592 3090 esse
606 3034 742 3090 ducebas.
784 3030 830 3088 Ibi
844 3041 873 3089 te
893 3030 962 3089 crim
986 3042 1015 3089 et
1035 3032 1113 3090 illius
1132 3034 1220 3111 largi-

225 3111 351 3169 tionibus
365 3121 394 3168 et
408 3111 464 3167 tuis
486 3112 593 3188 rapinis
606 3110 778 3188 explevisses
792 3110 830 3186 (si
854 3111 909 3168 hoc
931 3121 974 3168 est
997 3110 1121 3188 explere,
1142 3115 1218 3188 quod

175 3202 210 3257 35
226 3189 322 3246 statim
343 3190 499 3278 effundas),
528 3190 665 3248 advolasti
693 3210 782 3265 egens
810 3189 846 3246 ad
869 3189 1057 3262 tribunatum,
1079 3191 1162 3249 utin
1183 3212 1218 3252 eo

225 3269 405 3341 magistratu,
420 3288 443 3325 sr
457 3288 563 3343 posses,
578 3269 631 3325 viri
645 3268 688 3326 tui
702 3268 804 3326 similis
817 3287 903 3325 esses.

264 3347 351 3404 XXI.
388 3346 523 3421 Accipite
542 3366 632 3417 nuuc,
653 3366 759 3421 queso,
774 3367 830 3405 non
844 3366 889 3418 ea,
904 3366 968 3423 quae
989 3346 1094 3423 ipsein
1114 3368 1155 3419 se,
1177 3359 1219 3407 at·

224 3426 331 3501 quein
360 3425 550 3483 domesticum
580 3426 717 3496 dedecus,
739 3425 850 3501 impure
875 3436 961 3500 atque
982 3427 1218 3502 intemperanter,

225 3505 274 3561 sed
296 3524 359 3579 quae
381 3505 410 3563 in
431 3524 483 3561 uos
512 3504 696 3579 fortunasque
726 3514 846 3575 nostras,
868 3505 897 3562 id
918 3514 971 3575 est,
992 3506 1023 3562 in
1052 3506 1219 3565 universam

174 3593 209 3647 40
225 3584 442 3659 rempublicam,
457 3581 543 3657 impie
560 3602 595 3640 ac
609 3581 731 3653 nelarie,
748 3583 856 3641 fecerit.
899 3584 947 3640 Ab
961 3584 1046 3659 hujus
1062 3585 1140 3642 enim
1155 3606 1207 3644 sce

223 3660 283 3718 lere
303 3664 430 3720 omnium
453 3662 590 3718 malorum
612 3661 785 3737 principium
805 3672 904 3719 natum
928 3663 1084 3737 reperietis
1127 3664 1218 3737 Nam,

224 3758 302 3826 cum,
327 3740 360 3796 L.
376 3740 509 3811 Lentulo,
533 3741 566 3797 C.
583 3739 735 3809 Marcello,
757 3742 933 3811 consulibus,
948 3741 1087 3799 Calendis
1108 3742 1219 3801 Janna-

224 3815 283 3883 riis,
298 3818 443 3876 labantem
459 3829 487 3875 et
500 3838 587 3896 prope
611 3820 763 3877 cadentem
785 3787 992 3895 rempublicam
1014 3820 1117 3879 fulcire
1130 3841 1220 3899 cupe-

224 3892 324 3946 retis
294 3895 482 3967 ,ipsiqueO
499 3897 655 3968 Caesari,'
634 3916 657 3954 sr
678 3897 750 3955 santi
771 3909 867 3956 mente
887 3908 973 3971 esset,
994 3899 1146 3959 consulere
1160 3902 1219 3960 vel·
