2775 4425
355 363 492 412 ORATIO
515 363 585 414 PRO
607 364 638 414 Τ.
659 364 775 414 ANNIO
797 365 946 416 mitons.
1141 371 1195 427 lll

150 503 277 594 quemusi
292 505 342 580 qui
357 516 417 595 tum
432 505 634 581 interemisset,
649 528 706 566 non
721 509 759 566 de
774 507 944 584 impunitate
958 509 1030 586 ejus,
1043 509 1095 567 sod
1110 510 1147 568 de

149 603 287 660 praemns,
303 595 486 660 cogitaretur.
551 607 554 612 ·

191 662 308 720 Tamen
323 683 354 720 sc
369 663 442 722 Milo
463 665 614 738 continuit,
629 677 658 725 et
674 667 706 724 P.
722 665 858 724 Clodium
879 665 915 724 ad
926 665 1070 742 judicium
1092 668 1145 741 bis,

152 741 188 798 ad
216 741 274 797 vim
298 761 457 817 nunquam,
484 745 604 803 vocavit.
644 745 752 808 Quidl
775 743 886 820 privato
907 743 1027 817 Milone,
1047 756 1148 806 atreo

152 821 189 877 ad
211 821 358 896 populum,
384 833 540 881 accusante
565 825 596 882 P.
611 823 725 894 Clodio,
749 821 818 881 crim
842 823 871 882 in
895 824 952 882 Cu.
977 824 1147 902 Pompeium
1177 829 1197 883 5

150 918 202 975 pro
216 899 327 958 Milone
342 901 486 959 dicentem
502 903 624 980 impetus
639 903 734 961 lactus
747 913 809 971 est;
830 921 895 977 quaa
905 913 967 960 tum
988 922 1045 962 non
1059 903 1146 964 modd

150 979 277 1048 occasio,
288 980 339 1036 sed
354 979 441 1036 etiam
455 999 554 1052 causa,
566 982 642 1040 illius
651 981 833 1058 opprimendi
849 980 919 1039 luitl
954 980 1057 1060 Nuper
1066 982 1146 1056 terti,

150 1055 219 1114 clim
235 1057 277 1114 M.
294 1059 439 1116 Antonius
453 1079 594 1118 summam
619 1079 699 1138 spem
723 1060 825 1118 salutis
848 1061 932 1119 bonis
953 1061 1089 1120 omnibus
1103 1072 1146 1120 at·

150 1137 273 1207 tulisset,
289 1137 544 1214 gravissimamque
568 1140 737 1198 adolescens
760 1139 956 1198 nobilissimus
975 1140 1143 1217 reipublice

149 1227 262 1292 partem
287 1216 440 1274 fortissime
464 1219 647 1294 suscepisset,
676 1230 762 1293 atque
786 1218 865 1276 illam
886 1219 1196 1296 belluam,judicii10

150 1295 269 1368 laqueos
283 1295 487 1367 declinantem,
500 1298 559 1373 jam
584 1297 725 1355 irretitam
748 1307 878 1368 teneret3
900 1297 949 1372 qui
963 1297 1055 1368 locus,
1069 1300 1145 1373 quod

149 1383 263 1449 tempus
278 1375 347 1432 illud
364 1374 427 1450 (Dii
442 1376 618 1435 immortales
628 1377 650 1450 l)
673 1377 745 1434 fuiti
787 1375 865 1434 Cirm
879 1395 911 1434 sa
925 1376 973 1434 ille
987 1376 1103 1453 fugiens
1115 1377 1145 1435 io

149 1453 295 1510 scalarum
319 1456 453 1512 tenebras
478 1456 644 1526 abdidisset,
660 1473 799 1531 magnum
814 1453 918 1512 Miloni
934 1453 988 1512 luit
1001 1455 1146 1513 conticere

149 1532 228 1588 illam
243 1542 353 1606 pestem
369 1534 447 1590 nulli
458 1535 510 1591 sud
525 1534 644 1605 invidiis,
660 1532 782 1591 Antonii
803 1531 871 1590 verb
891 1533 1018 1590 maximi
1031 1533 1145 1609 gloriil

148 1611 255 1672 Quidl
277 1611 402 1669 comitiis
425 1612 455 1670 in
469 1613 582 1688 Campo
595 1613 709 1688 quoties
722 1621 848 1688 potestas
871 1611 943 1669 tritt
965 1610 1034 1669 cirm
1048 1611 1097 1670 ille
1117 1613 1145 1670 vi
1162 1614 1196 1668 1⁵

149 1690 179 1748 in
195 1691 286 1764 Septa
300 1689 457 1766 irrupisset,
481 1691 592 1768 gladios
615 1691 838 1768 distringendos,
862 1690 973 1766 lapides
984 1689 1144 1766 jaciendos,

149 1771 297 1837 curassem
319 1770 424 1827 deinde
438 1768 544 1842 subitd,
559 1771 639 1829 vultu
654 1769 773 1828 Milonis
786 1771 965 1845 perterritus,
980 1770 1093 1848 fugeret
1107 1772 1145 1828 ad

148 1849 302 1917 Tiberim;
324 1868 383 1920 vos,
408 1859 438 1907 et
457 1869 557 1908 omnes
578 1850 645 1908 boni
667 1860 733 1908 vota
753 1848 898 1923 laceretis,
923 1859 956 1908 ut
976 1848 1080 1908 Miloni
1101 1850 1144 1910 uti

149 1928 253 1985 virtute
267 1927 319 1985 sut
334 1927 443 1988 liberet

187 2006 275 2065 XVI.
310 2007 411 2068 Quem
438 2008 525 2085 igitur
556 2027 623 2066 cum
650 2007 780 2067 omnium
810 2007 905 2085 gratia
934 2007 1036 2079 noluit,
1064 2009 1144 2066 hunc
1157 2006 1194 2061 2⁰

147 2087 238 2144 voluit
259 2105 327 2144 cum
359 2085 519 2163 aliquorum
548 2087 689 2163 querelril
729 2086 831 2149 Quem
855 2086 931 2162 jure,
958 2105 1045 2160 quem
1067 2087 1142 2158 loco,

147 2184 234 2241 quem
249 2175 386 2241 tempore,
401 2185 487 2242 quem
511 2164 640 2243 impune,
654 2185 712 2224 non
736 2174 780 2223 est
804 2183 900 2234 ausus,
924 2165 1003 2222 hunc
1026 2163 1143 2240 injurid,

147 2245 248 2319 iniquo
269 2246 341 2315 loco,
364 2245 458 2304 alieno
478 2256 616 2322 tempore,
636 2244 768 2321 periculo
787 2243 901 2319 capitis,
923 2262 980 2300 non
1001 2242 1144 2301 dubitavit

147 2325 307 2382 occideret
327 2326 497 2399 prasertim,
518 2322 726 2401 judices,ci1m
751 2322 866 2381 honoris
886 2320 1056 2398 amplissimi
1076 2340 1144 2378 con·

147 2403 248 2474 tentio,
270 2413 299 2460 et
319 2404 382 2461 dies
402 2405 582 2463 comitiorum
606 2404 755 2471 subesset3
786 2421 845 2476 quo
870 2401 987 2477 quidem
1014 2410 1143 2476 tempore
1156 2398 1193 2453 25

150 2480 226 2559 (scio
250 2482 339 2553 enim,
363 2482 449 2557 quam
474 2484 576 2541 timida
603 2483 639 2539 sit
661 2481 789 2552 ambitio,
814 2492 979 2557 quantaque
1005 2490 1035 2538 et
1054 2478 1143 2555 qudm

147 2562 273 2619 sollicita
297 2562 440 2637 cupiditas
464 2562 643 2639 consulatbs)
668 2562 766 2620 omnia
780 2581 835 2619 non
857 2560 954 2632 modo,
968 2580 1032 2636 que
1047 2579 1143 2637 repre-

147 2641 236 2699 bendi
251 2640 357 2717 palem,
372 2642 422 2698 sed
446 2642 534 2699 etiam
548 2660 612 2716 qnae
625 2638 749 2699 obscure
770 2640 890 2717 cogitari
910 2650 1039 2716 possunt,
1060 2640 1142 2699 time·

146 2739 229 2789 mns3
253 2739 406 2791 rumorem,
421 2720 548 2777 fabulam
569 2720 676 2791 fictam,
692 2720 793 2778 falsam
807 2720 1069 2795 perhorrescimus;
1090 2739 1142 2778 ora

98 2832 101 2837 ·
145 2800 275 2857 omnium
291 2810 376 2873 atque
389 2800 487 2857 oculos
511 2799 664 2857 intuemur.
706 2798 788 2856 Nihil
803 2800 880 2855 enim
902 2808 946 2855 est
965 2808 1025 2853 tam
1045 2798 1140 2869 molle,
1153 2798 1190 2853 30

145 2888 206 2935 tam
235 2888 377 2949 tenerum,
402 2887 461 2935 tam
483 2887 532 2935 aut
556 2878 657 2955 fragile
682 2888 732 2935 aut
752 2876 888 2946 flexibile,
902 2873 990 2949 qudm
1011 2875 1142 2932 voluntas

145 2977 216 3033 erga
237 2977 298 3027 nos,
330 2976 498 3031 sensusque,
526 2957 651 3026 civium3
683 2956 733 3029 qui
763 2974 821 3011 non
852 2952 937 3009 modb
952 2952 1141 3039 ¹improbitati

145 3036 310 3094 irascuntur
335 3037 563 3107 candidatorum,
578 3036 629 3093 sed
643 3034 732 3092 etiarn
746 3032 777 3089 in
796 3028 877 3088 recte
892 3030 976 3086 lactis
989 3047 1065 3103 saepe
1086 3030 1142 3086 sas-

145 3115 263 3173 tidiunt.

184 3194 276 3251 Hunc
291 3194 367 3251 diem
382 3194 469 3271 igitur
493 3192 608 3268 Campi,
624 3199 771 3266 speratum
795 3198 881 3262 atque
894 3194 1070 3262 exoptatum,
1084 3185 1140 3243 sibi
1152 3186 1189 3239 35

142 3292 306 3349 proponens
330 3273 412 3343 Milo,
428 3272 556 3331 cruentis
580 3270 715 3327 manibus
734 3268 830 3325 scelus
850 3277 880 3325 et
900 3266 1014 3323 facinus
1027 3283 1088 3353 pre
1107 3284 1139 3322 se

143 3353 240 3409 ferens
260 3363 290 3410 et
317 3353 466 3423 confitens,
489 3352 525 3409 ad
556 3349 605 3406 illa
637 3357 760 3423 augusta
790 3346 987 3405 centuriarum
1009 3342 1140 3419 auspicia

142 3432 300 3489 veniebatl
341 3430 441 3493 Quam
457 3432 512 3488 hoc
525 3449 583 3487 non
598 3427 739 3485 credibile
753 3426 783 3484 in
805 3426 878 3484 hoc!
901 3423 988 3500 quim
1010 3424 1087 3480 idem
1108 3422 1138 3479 in

142 3510 248 3567 Clodio
261 3530 318 3568 non
339 3510 541 3580 dubitandum,
556 3506 605 3582 qui
629 3525 670 3578 se,
686 3505 838 3563 interfecto
858 3504 979 3574 Milone,
1003 3509 1139 3577 regnatu-

142 3608 206 3645 rum
220 3591 352 3664 putaret!
394 3589 500 3651 Quidl
521 3587 598 3661 quod
619 3595 706 3661 caput
727 3584 856 3642 audaciae
870 3592 924 3652 est,
935 3581 1059 3657 judices,
1074 3578 1138 3653 quis
1151 3577 1187 3632 40

141 3667 266 3743 ignorat,
298 3668 454 3725 maximam
489 3665 655 3723 illecebram
683 3683 747 3720 esse
779 3661 924 3738 peccandi
957 3658 1138 3748 impunitatis

141 3748 245 3821 speml
287 3747 323 3804 ln
345 3758 409 3803 utro
430 3746 517 3822 igitur
547 3745 611 3801 haec
642 3742 718 3799 fuitt
747 3742 777 3798 in
805 3740 938 3797 Milonel
968 3737 1018 3812 qui
1048 3747 1137 3795 etiam

141 3846 221 3883 nunc
236 3846 303 3884 reus
317 3836 360 3882 est
376 3825 455 3896 lacti,
471 3834 520 3881 aut
533 3820 674 3898 praeclari,
691 3830 741 3877 aut
755 3818 834 3877 certe
849 3817 1025 3876 necessarii:
1048 3834 1084 3874 an
1106 3816 1135 3875 in

141 3904 267 3964 clodiot
299 3905 347 3981 qui
370 3904 410 3963 ita
433 3904 545 3981 judicia
564 3918 738 3977 poenamque
769 3908 989 3974 contempserat,
1011 3908 1043 3955 ut
1069 3916 1136 3955 eum
