2775 4425
215 375 255 434 96
478 373 614 423 ORATIO
637 373 706 423 PRO
728 373 868 424 ARCHIA
892 374 1017 425 POETA.

264 517 391 577 Deorum
413 517 508 592 aliquo
527 518 602 577 dono
623 526 709 592 atque
729 536 848 576 munere
870 517 1064 577 commendati
1085 517 1168 577 nobis
1187 537 1251 579 csse

264 597 422 653 videantur.

304 676 349 732 Sit
369 676 466 752 igitur,
485 675 608 752 judices,
629 685 761 732 sanctum
783 676 857 750 apud
877 695 936 746 vos,
958 675 1178 734 humanissimos
1201 677 1249 733 ho·

264 754 366 825 mines,
382 755 436 811 hoc
456 759 547 830 po'e'tae
569 773 683 824 nomen,
697 754 773 829 quod
787 755 866 811 nulla
880 772 1005 828 unquam
1020 755 1153 812 barbaria
1165 754 1250 813 viola-

231 833 311 889 5rit.
354 834 431 890 Saxa
451 843 480 890 et
500 833 667 890 solitudines
687 831 750 889 voci
774 833 963 908 respondem3
985 832 1083 889 bestiae
1104 852 1178 909 saepe
1199 835 1250 890 im·

264 929 363 968 manes
377 922 464 969 cantu
485 911 638 970 fleetuntur
656 921 741 985 atque
755 911 931 968 consistunt:
952 931 1013 980 nos,
1028 911 1150 968 instituti
1165 912 1250 969 rebus

263 991 386 1066 optimis,
407 1011 465 1049 non
491 997 640 1067 poetarum
660 1007 731 1047 voce
757 990 944 1048 moveamur?
985 989 1145 1047 Homerum
1165 990 1250 1048 Colo-

263 1069 360 1146 phonii
375 1069 467 1126 civem
482 1089 544 1126 esse
558 1068 659 1126 dicunt
673 1085 776 1137 suum3
806 1067 876 1125 Chii
889 1086 973 1124 suurn
984 1067 1147 1138 vindicant3
1169 1069 1250 1126 Sala·

264 1147 346 1204 minii
360 1158 491 1223 repetunt
499 1167 506 1217 ;
529 1147 669 1222 Smyrnaei
689 1144 757 1204 verb
778 1165 862 1202 suum
875 1165 939 1204 esse
953 1145 1124 1204 confirmant
1138 1147 1249 1224 (itaque

216 1226 249 1279 10
264 1227 350 1284 etiam
372 1227 522 1284 delubrum
542 1225 603 1302 ejus
624 1225 654 1282 in
674 1225 777 1301 oppido
794 1225 1031 1302 dedicaverunt);
1051 1225 1184 1301 permulti
1199 1226 1249 1283 alii

263 1315 401 1382 preterea
413 1315 542 1382 pugnant
556 1305 629 1362 inter
643 1323 684 1374 se,
700 1316 784 1378 atque
798 1303 983 1360 contendunt.

304 1383 359 1440 IX.
391 1383 469 1460 Ergo
483 1383 523 1440 illi
539 1383 674 1454 alienum,
688 1382 756 1457 quia
769 1385 854 1458 poeta
868 1382 931 1453 fuit,
945 1392 1007 1458 post
1021 1393 1140 1440 mortem
1160 1383 1250 1440 etiam

264 1473 417 1538 expetunt3
439 1482 489 1519 nos
504 1463 581 1519 hunc
595 1462 700 1532 vivum,
713 1460 763 1537 qui
782 1471 812 1517 et
830 1462 973 1518 volontate
986 1471 1015 1518 et
1028 1460 1140 1537 legibus
1153 1472 1250 1520 noster

264 1553 317 1612 est,
331 1541 567 1618 repudiabimus?
590 1541 746 1616 praesertim
761 1537 829 1596 clrm
841 1559 927 1597 omne
940 1540 1008 1597 olim
1022 1540 1148 1596 studium
1163 1551 1250 1615 atque

220 1627 249 1680 15
264 1639 348 1678 omne
363 1619 510 1696 ingenium
524 1618 676 1677 contulerit
690 1617 815 1676 Archias
830 1621 865 1675 ad
879 1619 973 1694 populi
987 1618 1113 1676 Romani
1127 1619 1250 1695 gloriam

264 1699 435 1773 laudemque
456 1698 666 1756 celebrandam.
708 1696 786 1753 Nam
799 1706 829 1753 et
844 1696 1007 1754 Cimbricas
1021 1716 1067 1754 res
1081 1697 1250 1754 adolescens

265 1777 376 1852 attigit;
397 1787 426 1833 et
440 1776 493 1852 ipsi
508 1776 548 1832 illi
563 1776 597 1832 C.
614 1775 717 1846 Mario,
732 1775 780 1850 qui
800 1773 897 1833 durior
918 1776 954 1832 ad
975 1777 1037 1833 haec
1057 1777 1150 1832 studia
1172 1776 1251 1834 vide·

264 1855 357 1923 batur,
369 1855 514 1930 jucundus
528 1854 589 1911 fuit.
630 1853 735 1929 Neque
749 1855 826 1911 enim
839 1855 989 1929 quisquam
1003 1865 1046 1912 est
1060 1865 1118 1911 tam
1133 1874 1251 1912 aversus

264 1951 281 1988 a
295 1931 397 2003 Musis,
412 1932 461 2007 qui
475 1952 532 1990 non
546 1933 676 1990 mandari
690 1932 819 1990 versibus
832 1942 969 1990 aeternum
989 1952 1105 1990 suorum
1119 1934 1250 1991 laborum

213 2017 249 2070 20
265 2009 349 2068 facile
373 2011 547 2088 praeconium
568 2011 700 2088 patiatur.
741 2010 968 2069 Themistoclem
992 2011 1082 2083 illum,
1104 2031 1250 2069 summum

263 2089 388 2147 Athenis
408 2091 510 2161 virum,
531 2091 636 2148 dixisse
658 2090 748 2160 aiunt,
763 2088 830 2147 cbm
850 2109 887 2148 ex
906 2110 941 2148 eo
960 2101 1143 2167 quaereretur,
1156 2091 1251 2152 Quod

264 2187 406 2243 acroama,
430 2179 478 2227 aut
499 2169 581 2246 cujus
601 2188 711 2241 vocem,
732 2167 920 2227 libentissime
942 2169 1071 2240 audiret3
1095 2176 1114 2202 ‘⁴
1126 2169 1208 2247 Ejus,
1231 2189 1251 2228 a

262 2269 319 2324 quo
345 2268 397 2306 sua
417 2250 506 2307 virtus
531 2248 637 2325 optime
664 2248 896 2326 praedicaretur.”
938 2249 1039 2323 Itaque
1060 2250 1108 2307 ille
1135 2249 1251 2307 Marius

263 2328 332 2385 item
352 2327 456 2385 eximie
479 2328 511 2385 L.
533 2328 656 2386 Plotium
685 2327 793 2400 dilexit,
815 2328 898 2404 cujus
927 2327 1043 2404 ingenio
1062 2328 1181 2405 putabat
1200 2347 1249 2401 ea,

213 2413 248 2466 25
263 2426 325 2481 quae
340 2418 476 2483 gesserat,
491 2426 572 2483 posse
587 2406 735 2464 celebrari.

302 2484 533 2541 Mithridaticum
548 2483 614 2542 verb
636 2485 753 2555 bellurn,
768 2502 903 2562 magnum
926 2495 1010 2559 atque
1030 2484 1158 2557 difficile,
1172 2495 1202 2543 et
1215 2485 1247 2543 in

262 2562 352 2618 multa
367 2562 503 2620 varietate
517 2564 593 2620 terrai
607 2564 735 2639 marique
749 2575 901 2634 versatum,
912 2573 1003 2621 totum
1018 2564 1054 2620 ab
1068 2564 1123 2621 boc
1136 2583 1250 2639 expres·

262 2658 325 2697 sum
340 2650 399 2697 est:
421 2640 470 2715 qui
485 2642 549 2698 libri
564 2661 619 2699 non
634 2641 718 2699 modb
731 2642 763 2699 L.
776 2641 940 2712 Lucullum,
952 2641 1135 2699 fortissimum
1147 2652 1176 2699 et
1189 2642 1249 2699 cla-

263 2718 406 2777 rissimum
416 2720 516 2789 virum,
527 2718 625 2777 verbm
635 2721 722 2778 etiam
732 2720 826 2797 populi
838 2722 964 2778 Romani
973 2740 1087 2791 nomeu,
1096 2719 1246 2779 illustrant.

212 2807 248 2861 30
263 2797 386 2873 Populus
400 2799 477 2856 enim
492 2798 643 2857 Romanus
658 2800 776 2875 aperuit,
791 2799 914 2857 Lucullo
932 2800 1099 2875 imperante,
1113 2799 1247 2871 Pontum,

262 2888 291 2934 et
311 2877 397 2953 regiis
417 2878 559 2953 quondam
580 2879 689 2954 opibus,
705 2888 733 2935 et
747 2878 808 2954 ipsd
826 2879 929 2935 naturd
942 2877 1077 2954 regionis,
1091 2878 1247 2934 vallatum:

261 2956 355 3032 populi
383 2956 509 3015 Romani
530 2957 681 3028 exercituS,
703 2958 803 3014 eodem
824 2957 908 3026 duce,
929 2976 986 3014 non
1013 2956 1138 3013 maximd
1159 2974 1247 3013 manu

262 3036 486 3094 innumerabiles
516 3036 719 3093 Armeniorum
749 3034 845 3110 copias
875 3036 966 3092 fudit:
996 3034 1091 3110 populi
1120 3034 1247 3091 Romani

261 3114 324 3171 laus
350 3125 403 3186 est,
429 3115 529 3172 urbem
554 3115 757 3171 amicissimam
785 3114 1007 3189 Cyzicenorum,
1031 3112 1159 3189 ejusdem
1181 3132 1248 3170 con·

211 3206 246 3259 35
261 3194 334 3264 silio,
350 3214 385 3250 err
404 3192 482 3250 omni
505 3193 610 3269 impetu
632 3193 721 3269 regio,
737 3212 772 3250 ac
792 3192 878 3249 totius
897 3192 1034 3250 belli-ore
1055 3210 1090 3248 ac
1104 3190 1245 3263 faucibus,

261 3282 388 3347 ereptam
409 3291 472 3329 esse
493 3284 577 3346 atque
598 3284 755 3328 servatam:
777 3281 873 3328 nostra
890 3290 1001 3347 semper
1015 3270 1121 3326 feretur
1135 3280 1164 3326 et
1176 3288 1247 3345 prae·

261 3350 414 3421 dicabitur,
430 3350 462 3407 L.
479 3350 601 3407 Lucullo
615 3350 782 3419 dimicante,
798 3368 864 3406 cum
885 3349 1043 3407 interfectis
1062 3348 1186 3405 ducibus
1199 3348 1248 3403 de-

259 3448 357 3506 pressa
372 3429 494 3486 hostium
509 3428 619 3498 classis,
634 3438 663 3484 et
683 3428 861 3486 incredibilis
883 3428 957 3505 apud
977 3426 1132 3484 Tenedum
1149 3444 1247 3502 pugna

262 3508 310 3565 illa
330 3507 457 3565 navalis:
486 3518 582 3564 nostra
602 3516 668 3563 sunt
688 3517 804 3582 tropaea,
825 3516 921 3564 nostra
941 3515 1136 3575 monumenta,
1157 3504 1245 3561 nostri

211 3596 246 3649 40
261 3586 404 3662 triumphi.
444 3585 557 3655 Quare,
572 3604 691 3660 quorum
714 3585 837 3662 ingeniis
858 3586 920 3642 haec
940 3585 1079 3655 feruntur,
1095 3584 1131 3641 ab
1151 3582 1186 3639 iis
1199 3602 1246 3658 po-

260 3666 320 3739 puli
336 3665 460 3722 Romani
478 3664 552 3721 lama
567 3664 736 3721 celebratur.
778 3664 873 3720 Carus
887 3663 941 3721 fuit
955 3663 1096 3720 Africano
1106 3661 1244 3737 superiori

261 3754 356 3800 noster
371 3743 501 3800 Ennius:
524 3743 619 3818 itaque
633 3744 720 3799 etiam
735 3742 763 3799 in
779 3743 929 3818 sepulchro
951 3742 1118 3817 Scipionum
1131 3751 1245 3817 putatur

261 3821 285 3875 is
299 3840 361 3877 esse
377 3822 547 3878 constitutus
562 3842 577 3879 e
593 3839 740 3879 marmore.
783 3822 824 3877 At
845 3821 879 3877 iis
893 3821 1026 3877 laudibus
1040 3819 1118 3877 certe
1134 3839 1190 3876 non
1204 3838 1246 3876 so·

261 3894 321 3952 ldm
337 3897 399 3971 ipsi,
413 3900 461 3972 qui
476 3899 638 3970 laudantur,
653 3900 703 3956 sed
718 3900 804 3956 etiam
819 3899 913 3975 populi
936 3898 1064 3956 Romani
1086 3916 1190 3957 nomen
1202 3915 1243 3954 or·

1366 4041 1368 4172 l

1364 4301 1367 4398 l
