2775 4425
352 388 487 440 ottat’lo
510 388 579 441 PRO
602 388 700 442 Lacu
722 390 887 443 Mantala.
1119 396 1159 454 57

115 543 255 609 toresque
282 533 489 610 capiebanturl
520 532 598 605 cium,
626 552 662 593 ex
689 536 822 594 omnibus
847 534 1002 613 provinciis
1032 554 1108 595 com·

115 626 227 684 creatu,
243 623 280 671 et
292 614 401 689 priuato
414 624 443 670 et
458 614 583 688 publico,
596 614 838 689 prohibebamur?
858 614 926 673 edm
947 616 988 673 ita
1008 616 1108 673 clausa

116 704 201 749 erant
222 693 306 749 nobis
326 691 422 749 omnia
443 692 542 763 maria,
558 703 589 748 ut
610 712 704 767 neque
717 695 855 770 privatam
868 712 930 751 rem
943 695 1107 752 transmari·

116 788 196 840 nam,
213 790 308 845 neque
321 770 476 846 publicam,
488 770 548 846 jam
562 770 641 829 obire
656 774 822 847 possemusl

156 848 279 907 XVIII.
309 849 391 910 Quae
411 849 512 906 civitas
534 860 618 907 antea
633 868 758 925 unquam
773 852 836 922 fuit,
852 848 923 927 (non
937 851 1003 909 dico
1017 852 1107 911 Athe·
1140 854 1158 907 5

116 926 276 998 niensium,
298 946 360 1003 quaa
389 928 458 985 satis
485 926 543 985 late
564 928 708 1002 quondam
737 948 816 987 mare
842 930 969 987 tenuisse
990 930 1106 1003 dicitur,

116 1026 174 1063 non
203 1006 499 1083 Carthaginiensium,
520 1007 568 1080 qai
592 1006 764 1083 permultam
788 1009 881 1066 classe
900 1008 1108 1083 maritimisque

115 1086 204 1141 rehus
218 1086 381 1155 valuerunt,
396 1104 452 1143 non
474 1084 665 1157 Rhodiorum,
679 1106 799 1161 quorum
820 1106 910 1162 usque
931 1088 967 1144 ad
981 1098 1107 1145 nostram

116 1163 288 1221 memoriam
309 1163 461 1239 disciplina
481 1164 590 1221 navalis
609 1176 638 1223 et
658 1165 749 1241 gloria
762 1167 912 1245 remansit)
928 1184 991 1240 qua
1005 1166 1107 1223 civitas

116 1260 247 1315 unquam
270 1253 355 1299 antea
374 1254 433 1299 tam
454 1243 558 1313 tenuis,
576 1260 639 1317 quae
660 1255 719 1300 tam
739 1263 826 1321 parva
846 1245 939 1302 insula
960 1244 1022 1315 luit,
1043 1264 1106 1320 quae
1127 1240 1160 1295 ¹0

116 1340 172 1378 non
195 1332 295 1397 portus
309 1340 383 1391 suos,
398 1332 427 1378 et
448 1339 539 1397 agros,
555 1331 583 1378 et
602 1322 727 1396 aliquam
747 1335 856 1399 partem
877 1324 1001 1399 regionis
1022 1335 1107 1398 atque

115 1418 172 1456 orae
194 1400 358 1469 maritimae,
379 1419 428 1475 per
449 1418 480 1457 se
502 1400 561 1475 ipsa
582 1400 769 1458 defenderetl
803 1403 844 1458 At
859 1402 984 1479 (hercle)
1001 1402 1108 1475 aliquot

116 1494 207 1535 annos
229 1478 383 1535 continuos
403 1488 470 1535 ante
490 1478 583 1555 legem
607 1478 773 1550 Gabiniam,
794 1479 842 1536 ille
861 1480 981 1555 populus
1001 1480 1109 1536 Roma-

116 1576 181 1627 nus,
203 1558 299 1632 cujus,
322 1558 467 1632 usquead
496 1569 621 1614 nostram
644 1559 822 1628 memoriam,
843 1576 947 1615 nomen
969 1558 1107 1615 invictum

117 1636 146 1692 in
167 1636 322 1692 navalibus
341 1635 444 1712 pugnis
463 1645 668 1711 permanserat,
690 1638 796 1713 magnit
816 1656 852 1693 ac
872 1635 962 1693 multd
983 1636 1108 1693 maximi
1126 1638 1161 1691 15

116 1725 197 1790 parte
212 1734 272 1771 non
288 1713 371 1771 modd
387 1714 527 1785 utilitatis
539 1715 589 1772 sed
604 1716 753 1791 dignitatis
764 1726 848 1792 atque
863 1715 984 1792 imperii,
996 1715 1107 1773 caruit:

117 1812 178 1863 nos,
200 1810 324 1869 quorum
345 1793 467 1869 majores
493 1793 671 1851 Antiochum
699 1812 796 1871 regem
823 1794 915 1852 classe
943 1794 1108 1869 Persenque

117 1873 301 1947 superarunt,
321 1872 511 1946 omnibusque
537 1872 686 1930 navalibus
712 1876 816 1951 pugnis
842 1874 1106 1951 Carthaginienses,

119 1952 252 2008 homines
267 1950 296 2007 in
311 1950 461 2007 maritimis
476 1951 560 2008 rebus
577 1952 827 2009 exercitatissimos
846 1953 1106 2028 paratissimosque,

118 2030 262 2099 vicerunt,
278 2028 297 2085 ii
313 2030 390 2087 nullo
411 2029 439 2086 in
460 2030 524 2087 loeo
541 2030 600 2105 jam
620 2031 801 2105 pradonibus
819 2050 902 2107 pares
922 2051 985 2088 esse
998 2042 1107 2107 potera·
1123 2034 1160 2089 20

119 2126 190 2165 mus.
233 2107 299 2165 Nos
312 2127 434 2183 quoque,
448 2108 497 2183 qui
513 2118 598 2165 antea
611 2128 668 2167 non
681 2108 767 2166 modd
788 2109 903 2165 ltaliam
917 2120 1007 2165 tutam
1022 2111 1108 2166 habe·

119 2187 232 2259 hamus,
258 2188 309 2244 sed
328 2206 428 2246 omnes
448 2186 540 2245 socios
568 2187 596 2245 in
619 2187 728 2245 ultimis
748 2186 806 2244 oris
828 2188 998 2244 auctoritate
1019 2188 1108 2244 nostri

119 2266 232 2342 imperii
254 2267 346 2324 salvos
365 2277 499 2342 praestare
520 2277 699 2342 poteramus3
720 2265 874 2336 tum,ci1m
897 2266 991 2322 insula
1010 2266 1108 2336 Delos,

120 2356 177 2401 tarn
191 2345 292 2422 procul
315 2345 433 2403 anobis
454 2346 483 2404 in
505 2345 607 2422 AEgaeo
627 2345 700 2402 mari
719 2345 820 2421 posita,
835 2344 892 2418 qud
912 2363 1013 2402 omnes
1026 2345 1109 2402 undi-

120 2441 174 2497 que
188 2443 258 2481 cum
273 2424 417 2481 mercibus
436 2435 521 2498 atque
541 2424 676 2482 oneribus
697 2425 907 2494 oommeabant,
921 2424 1025 2481 referta
1039 2423 1109 2480 divi·
1125 2424 1161 2477 25

121 2503 176 2572 tiis,
190 2521 290 2579 parva,
305 2503 462 2560 sinemuro
478 2503 548 2561 nihil
571 2503 706 2573 timebat;
728 2504 814 2560 iidem
829 2523 885 2560 non
900 2501 985 2561 modd
998 2503 1109 2579 provin·

122 2581 183 2651 ciis,
206 2593 293 2656 atque
319 2581 377 2640 oris
404 2581 496 2638 ltalia
516 2581 676 2652 maritimis,
700 2601 735 2640 ac
755 2583 892 2658 portubus
918 2583 1031 2653 nostris,
1055 2583 1107 2640 sed

122 2659 207 2717 etiam
232 2660 326 2735 Appia
352 2659 410 2734 jam
439 2659 485 2716 via
514 2661 701 2718 carebamus:
728 2671 758 2719 et
785 2662 829 2718 his
850 2663 1024 2737 temporibus
1050 2681 1106 2719 non

122 2740 249 2813 pudebat
270 2738 452 2814 magistratus
471 2739 565 2814 populi
588 2739 724 2811 Romani,
747 2739 776 2798 in
798 2742 876 2798 hunc
897 2741 987 2816 ipsum
1012 2743 1107 2797 locum

123 2817 290 2888 escendere,
304 2815 371 2874 oiim
386 2835 451 2874 eum
466 2818 545 2874 vobis
565 2817 685 2893 majores
706 2820 791 2877 vestri
811 2819 920 2876 exuviis
941 2818 1067 2876 nauticis
1079 2829 1109 2875 et
1124 2821 1161 2875 30

125 2895 260 2952 classium
274 2895 370 2971 spoliis
382 2906 514 2952 ornatum
529 2897 718 2971 reliquissent.

162 2975 251 3031 XIX.
287 2975 367 3032 Bono
387 2985 416 3032 te
438 2975 533 3032 animo
554 2987 625 3044 tum,
643 2976 683 3036 Q.
701 2974 848 3044 Hortensi,
861 2974 981 3048 populus
1001 2971 1110 3029 Roma-

124 3069 187 3122 nus,
201 3064 233 3110 et
253 3065 371 3110 ceteros
384 3053 431 3127 qui
454 3063 535 3110 erant
557 3054 585 3110 in
607 3053 710 3110 eddem
729 3051 882 3125 sententia,
897 3051 994 3106 dicere
1015 3050 1111 3106 existi·

126 3132 213 3188 mavit
236 3149 280 3200 ea,
295 3150 358 3205 quae
380 3132 562 3189 sentiebatis:
594 3131 644 3186 sed
666 3141 773 3199 tamen,
789 3129 818 3187 in
840 3130 932 3185 salute
953 3127 1109 3197 communi,

84 3273 86 3276 ¹
127 3207 200 3266 idem
222 3211 340 3285 populus
361 3209 511 3268 Romanus
533 3209 622 3268 dolori
642 3227 694 3266 suo
716 3209 825 3278 maluit,
840 3206 925 3282 quam
949 3206 1110 3263 auctoritati
1127 3213 1163 3267 ³⁵

129 3299 236 3358 resne,
250 3289 453 3364 obtemperare.
496 3289 598 3362 ltaque
618 3307 676 3346 una
694 3288 749 3358 lex,
764 3307 839 3344 unus
852 3287 904 3358 vir,
919 3305 994 3343 unus
1008 3284 1110 3355 annus,

128 3384 182 3423 non
198 3366 282 3425 modd
297 3387 348 3424 nos
363 3367 410 3424 illa
425 3367 540 3424 miseria
556 3385 590 3424 ac
604 3367 779 3443 turpitudine
789 3366 937 3435 liberavit3
959 3366 1010 3421 sed
1024 3363 1111 3421 etiam

129 3445 232 3516 effecit,
254 3446 460 3520 utaliquando
488 3446 553 3503 vere
575 3446 736 3504 videremur
762 3446 895 3505 omnihus
922 3443 1056 3522 gentibus
1077 3461 1111 3499 ac

130 3524 290 3582 nationibus
303 3525 379 3582 terrai
394 3523 523 3598 marique
537 3525 684 3600 imperare.

166 3603 235 3663 Quo
249 3604 318 3660 mihi
333 3603 421 3660 etiam
437 3603 583 3679 indignius
597 3604 707 3660 videtur
723 3604 914 3661 obtrectatum
928 3619 992 3657 esse
1006 3599 1111 3670 adhuc,
1129 3607 1165 3661 ll)

131 3681 253 3740 Gabinio
274 3682 380 3752 dicam,
397 3701 471 3740 anne
494 3682 638 3757 Pompeio,
664 3701 700 3739 an
723 3683 856 3754 utriquel
888 3678 943 3755 (id,
971 3678 1046 3752 quod
1070 3688 1114 3735 est

132 3761 236 3838 serius)
253 3781 289 3818 ne
309 3762 453 3836 legaretur
476 3763 513 3818 A.
536 3761 678 3817 Gabinius
700 3761 755 3817 Cn.
772 3759 907 3834 Pompeio
920 3757 1062 3832 expetenti
1078 3776 1113 3815 ac

132 3840 301 3911 postulantil
336 3839 439 3896 Utriim
455 3840 512 3911 ille,
528 3839 576 3913 qui
590 3841 713 3915 postulat
727 3839 852 3914 legatum
875 3837 912 3894 ad
931 3847 1041 3893 tantum
1056 3837 1114 3893 bel-

134 3915 200 3989 lum,
214 3937 298 3994 quem
312 3917 390 3990 velit,
405 3919 524 3978 idoneus
545 3937 602 3976 non
624 3928 677 3989 est,
691 3917 740 3992 qui
762 3917 902 3993 impetret,
917 3913 985 3974 ciam
1006 3915 1114 3986 ceteri,
