2775 4425
178 357 220 416 98
274 337 275 347 ’
458 359 685 409 ouamomo
708 359 1000 410 assummum.

231 510 358 577 cuperet,
380 512 412 559 ut
438 502 526 560 etiam
553 504 697 561 Cordubae
723 503 800 561 natis
825 503 928 581 poetis,
948 503 1057 579 pingue
1083 503 1221 579 quiddam

231 581 399 638 sonantibus
413 592 498 658 atque
511 583 706 659 peregrinum,
721 592 818 640 tamen
833 601 916 640 aures
930 602 996 639 suas
1010 583 1135 640 dederet.

269 659 326 716 XI.
362 659 466 735 Neque
486 661 564 718 enim
584 672 628 718 est
648 663 703 720 hoc
721 662 970 732 dissimulandum,
985 663 1060 736 quod
1074 663 1222 719 obscuram

231 756 288 795 uon
301 749 403 815 potest,
419 741 469 798 sed
489 760 546 816 prae
567 741 649 798 nobis
670 741 839 798 serendum:
860 740 1001 798 trahimur
1014 759 1115 798 omnes
1128 741 1223 797 laudis

196 817 341 889 5studi0;
363 827 392 876 et
405 819 528 895 optimus
542 820 662 894 quisque
682 817 807 876 maxime
828 819 920 895 gloria
933 819 1058 877 ducitur.
1099 819 1159 896 Ipsi
1180 820 1222 877 illi

231 896 399 973 philosophi,
421 899 509 956 etiam
530 898 586 956 illis
607 898 722 969 libellis,
743 917 813 973 quos
833 899 871 956 de
891 898 1103 956 contemnendi
1130 898 1222 975 gloriri

232 975 371 1048 scribunt,
393 995 497 1035 nomen
517 996 602 1034 suum
623 978 802 1035 inscribunt:
830 977 861 1034 in
881 996 916 1034 eo
936 977 1006 1053 ipso,
1027 975 1058 1034 in
1078 997 1134 1052 quo
1153 997 1223 1053 prae·

232 1055 407 1112 dicationem
437 1056 672 1130 nobilitatemque
700 1056 872 1131 despiciunt,
892 1057 1045 1132 predicari
1067 1057 1104 1114 de
1124 1076 1164 1126 se,
1186 1076 1222 1114 ac

232 1133 374 1191 nominari
395 1135 500 1192 volunt.
542 1134 682 1193 Decimus
702 1135 818 1210 quidem
839 1135 956 1205 Brutus,
970 1154 1099 1192 summus
1117 1136 1166 1193 ille
1180 1137 1222 1193 vir

182 1210 215 1264 10
233 1221 262 1270 et
276 1211 438 1289 imperator,
453 1213 538 1285 Attii,
554 1214 721 1271 amicissimi
735 1213 790 1283 sui,
805 1214 982 1271 carminibus
1002 1215 1171 1290 templorum
1187 1233 1222 1271 ac

233 1303 481 1350 monumentorum
497 1293 590 1350 aditus
604 1293 751 1350 exornavit
770 1311 894 1349 suorum.
936 1292 1003 1348 lam
1018 1292 1084 1350 verb
1101 1293 1157 1363 ille,
1172 1294 1221 1368 qui

234 1389 302 1426 cum
323 1371 437 1443 AEtolis,
459 1371 555 1429 Ennio
575 1372 689 1443 comite,
711 1372 837 1442 bellavit,
853 1370 982 1442 Fulvius,
1003 1392 1061 1429 non
1082 1372 1223 1428 dubitavit

235 1448 338 1506 Martis
365 1451 516 1508 manubias
543 1450 636 1508 Musis
664 1469 842 1508 consecrare.
882 1450 995 1521 Quare,
1017 1451 1046 1508 in
1068 1452 1124 1524 qui
1150 1453 1223 1508 urbe

235 1529 419 1605 imperatores
438 1528 524 1607 propri
547 1530 648 1588 armati
668 1534 818 1606 poetarum
839 1547 943 1586 nomeu
960 1541 989 1586 et
1009 1529 1160 1586 Musarum
1174 1531 1223 1587 de·

183 1611 216 1665 15
234 1607 317 1665 lubra
337 1610 497 1680 coluerunt,
512 1610 542 1667 in
556 1609 591 1666 ed
605 1628 662 1666 non
677 1609 783 1666 debent
803 1608 893 1685 togati
910 1608 1025 1684 judices
1039 1627 1057 1666 a
1071 1608 1222 1666 Musarum

235 1686 341 1745 honore
355 1698 384 1744 et
398 1707 415 1744 a
427 1693 577 1765 poetarum
592 1689 683 1745 salute
699 1689 859 1745 abhorrere.

273 1766 380 1839 Atque,
396 1777 428 1823 ut
442 1766 470 1823 id
484 1764 621 1824 libentius
636 1767 759 1837 faciatis,
770 1766 831 1842 jam
851 1767 1000 1838 merobis,
1012 1766 1135 1844 judices,
1150 1766 1223 1823 indi-

234 1845 323 1914 cab0;
345 1855 374 1902 et
388 1845 424 1901 de
438 1863 503 1902 meo
522 1845 645 1919 quodam
667 1865 762 1902 amore
782 1845 890 1922 gloriae,
905 1847 991 1904 nimis
1012 1846 1072 1903 acri
1094 1846 1222 1917 fortasse,

220 1934 421 1981 veruntamen
436 1924 563 1995 honesto,
578 1924 658 1980 vobis
673 1924 838 1982 confitebor.
879 1924 909 1981 N
912 1943 968 1996 am,
983 1945 1054 1999 quas
1067 1945 1113 1982 res
1127 1945 1178 1983 nos
1192 1925 1223 1982 in

181 2006 217 2060 20
236 2002 385 2061 consulatu
399 2012 495 2061 nostro
508 2002 655 2061 vobiscum
669 2002 764 2074 simul,
778 2023 829 2079 pro
842 2005 934 2062 salute
948 2005 1032 2080 hujus
1045 2005 1124 2061 urbis
1139 2014 1223 2078 atque

236 2082 357 2158 imperii,
373 2092 401 2140 et
415 2103 465 2159 pro
478 2082 536 2140 viti
557 2082 674 2154 civium,
688 2102 795 2158 proque
815 2083 948 2140 universa
969 2083 1116 2159 republica
1136 2083 1224 2160 gessi·

236 2181 310 2234 mus,
332 2163 427 2241 attigit
447 2163 496 2221 hic
516 2161 654 2235 versibus,
677 2172 762 2237 atque
782 2161 945 2221 inchoavit:
976 2163 1080 2238 quibus
1107 2163 1221 2233 auditis,

236 2241 313 2317 quod
327 2244 398 2301 mihi
413 2262 518 2321 magna
532 2262 578 2301 res
591 2251 620 2299 et
638 2242 769 2317 jucunda
781 2242 842 2299 visa
862 2252 915 2312 est,
930 2242 1009 2300 hunc
1024 2242 1060 2299 ad
1073 2242 1223 2318 perficien-

236 2323 305 2379 dum
326 2323 454 2380 hortatus
474 2340 546 2379 sum.
588 2321 708 2379 Nullam
732 2322 809 2378 euim
829 2322 918 2378 virtus
946 2322 1031 2379 aliam
1059 2322 1221 2379 mercedem

182 2402 218 2455 25
235 2402 366 2457 laborum
392 2401 641 2477 periculorumque
665 2400 819 2472 desiderat,
842 2412 944 2477 praeter
972 2402 1048 2459 hanc
1074 2400 1168 2457 laudis
1193 2410 1222 2457 et

235 2479 352 2555 gloriae:
373 2479 560 2553 quiquidem
575 2479 715 2549 detracti,
727 2477 850 2555 judices,
864 2480 932 2555 quid
954 2493 1006 2551 est,
1021 2480 1096 2554 quod
1116 2480 1146 2537 in
1167 2480 1222 2536 hoc

235 2568 295 2613 tam
315 2556 419 2633 exiguo
438 2558 503 2614 vitae
524 2557 678 2628 curriculo,
693 2568 794 2615 ettam
808 2559 897 2630 brevi,
912 2559 999 2616 tantis
1012 2578 1064 2616 nos
1078 2558 1107 2616 in
1121 2558 1223 2616 labori·

236 2635 290 2692 bus
303 2654 489 2692 exerceamus
500 2638 512 2692 l

275 2711 373 2785 Certe,
388 2715 412 2772 si
433 2714 504 2773 nihil
526 2714 638 2772 animus
657 2716 836 2791 praesentiret
850 2716 879 2774 in
893 2726 1046 2793 posterum,
1061 2726 1099 2788 et,
1114 2716 1148 2787 si,
1162 2715 1223 2791 qui-

182 2796 218 2852 30
235 2794 289 2851 bus
319 2793 484 2871 regionibus
512 2794 576 2851 vitae
604 2795 727 2871 spatium
758 2796 1007 2872 circumscriptum
1036 2794 1088 2867 est,
1113 2796 1221 2853 eisdem

234 2892 335 2931 omnes
355 2874 543 2951 cogitationes
563 2873 732 2931 terminaret
750 2894 835 2945 suas;
857 2894 913 2932 nec
932 2875 1019 2932 tantis
1033 2894 1064 2933 se
1077 2874 1224 2931 laboribus

236 2953 390 3031 frangeret,
405 2972 498 3029 neque
518 2962 559 3011 tot
579 2952 657 3011 curis
671 2953 833 3030 vigiliisque
854 2964 1017 3031 augeretur,
1032 2973 1125 3029 neque
1139 2954 1224 3011 toties

236 3034 273 3092 de
292 3034 351 3091 vitai
382 3032 443 3109 ipsis
473 3032 632 3090 dimicaret.
673 3031 764 3089 Nunc
791 3033 896 3090 insidet
916 3034 1047 3108 quaedam
1068 3032 1098 3089 in
1118 3032 1224 3109 optimo

236 3132 349 3189 quoque
362 3112 461 3184 virtus,
470 3130 533 3187 quae
547 3121 646 3170 noctes
660 3122 689 3169 et
699 3112 761 3169 dies
773 3112 899 3169 animum
913 3112 1010 3187 gloriae
1024 3111 1147 3168 stimulis
1158 3132 1225 3169 con·

183 3198 218 3254 35
237 3193 316 3263 citat,
332 3203 416 3266 atque
432 3191 575 3262 admonet,
584 3210 641 3248 non
652 3209 720 3247 eum
732 3191 795 3247 vitre
806 3200 932 3269 tempore
946 3210 1009 3249 esse
1023 3190 1223 3248 dimittendam

237 3270 537 3329 commemorationem
556 3269 680 3327 nominis
701 3270 800 3341 nostri,
814 3270 865 3327 sed
886 3288 954 3327 cum
967 3269 1046 3326 omni
1059 3270 1225 3345 posteritate

237 3349 452 3424 adaequandam.

275 3427 347 3486 XII.
379 3427 428 3485 An
449 3424 515 3485 verd
537 3436 596 3483 tam
615 3426 695 3502 parvi
711 3427 799 3485 animi
813 3427 961 3485 videamur
975 3446 1038 3485 esse
1051 3446 1161 3497 omnes,
1175 3425 1226 3501 qui

237 3510 267 3567 in
281 3506 438 3585 republica,
454 3516 539 3581 atque
560 3506 589 3563 in
610 3506 655 3563 his
675 3505 740 3564 vitae
760 3507 897 3582 periculis
916 3507 1118 3581 laboribusque
1133 3524 1226 3562 versa·

184 3596 218 3650 40
236 3606 309 3657 mur,
320 3598 360 3658 ut,
371 3585 448 3658 cum,
459 3585 594 3660 usquead
605 3595 764 3643 extremum
775 3586 908 3662 spatium,
917 3586 1028 3644 nullum
1039 3585 1226 3660 tranquillum

237 3678 322 3741 atque
342 3667 463 3725 otiosum
484 3665 614 3741 spiritum
633 3664 810 3734 duxerimus,
825 3666 975 3723 nobiseum
989 3665 1073 3722 simul
1089 3664 1226 3722 moritura

235 3744 333 3801 omnia
364 3745 556 3803 arbitremurl
597 3744 656 3814 An,
684 3742 753 3801 crim
786 3754 896 3802 statuas
926 3755 955 3802 et
985 3744 1136 3820 imagines,
1168 3762 1224 3801 uon

238 3822 397 3880 animorum
424 3823 587 3892 simulacra,
610 3824 660 3880 sed
689 3840 848 3898 corporum,
869 3822 996 3883 studiose
1018 3823 1101 3880 multi
1121 3820 1226 3879 summi
