<?xml version="1.0" encoding="UTF-8"?>
<!DOCTYPE html PUBLIC "-//W3C//DTD XHTML 1.0 Transitional//EN"
    "http://www.w3.org/TR/xhtml1/DTD/xhtml1-transitional.dtd">
<html xmlns="http://www.w3.org/1999/xhtml" xml:lang="en" lang="en">
 <head>
  <title>
</title>
<meta http-equiv="Content-Type" content="text/html;charset=utf-8" />
  <meta name='ocr-system' content='tesseract 3.04.00' />
  <meta name='ocr-capabilities' content='ocr_page ocr_carea ocr_par ocr_line ocrx_word'/>
</head>
<body>
  <div class='ocr_page' id='page_1' title='image "./mtciceronisorat00folsgoog/mtciceronisorat00folsgoog_0121.png"; bbox 0 0 2775 4425; ppageno 0'>
   <div class='ocr_carea' id='block_1_1' title="bbox 344 331 1195 398">
    <p class='ocr_par' dir='ltr' id='par_1_1' title="bbox 344 331 1195 398">
     <span class='ocr_line' id='line_1_1' title="bbox 344 331 1195 398; baseline 0.018 -16"><span class='ocrx_word' id='word_1_1' title='bbox 344 331 482 382; x_wconf 84' lang='lat' dir='ltr'><strong>ORATIO</strong></span> <span class='ocrx_word' id='word_1_2' title='bbox 504 331 574 382; x_wconf 81' lang='lat' dir='ltr'><strong>PRO</strong></span> <span class='ocrx_word' id='word_1_3' title='bbox 595 333 627 384; x_wconf 83' lang='grc' dir='ltr'><strong>Τ.</strong></span> <span class='ocrx_word' id='word_1_4' title='bbox 650 333 766 384; x_wconf 82' lang='lat' dir='ltr'>ANNIO</span> <span class='ocrx_word' id='word_1_5' title='bbox 788 335 938 386; x_wconf 79' lang='lat' dir='ltr'><strong>MILONE.</strong></span> <span class='ocrx_word' id='word_1_6' title='bbox 1138 337 1195 398; x_wconf 82' lang='lat' dir='ltr'><strong>ll5</strong></span> 
     </span>
    </p>
   </div>
   <div class='ocr_carea' id='block_1_2' title="bbox 186 445 1140 556">
    <p class='ocr_par' dir='ltr' id='par_1_2' title="bbox 186 445 1140 556">
     <span class='ocr_line' id='line_1_2' title="bbox 808 445 818 465; baseline 0 0"><span class='ocrx_word' id='word_1_7' title='bbox 808 445 818 465; x_wconf 85' lang='lat'><strong>.</strong></span> 
     </span>
     <span class='ocr_line' id='line_1_3' title="bbox 186 475 1140 556; baseline 0.004 -22"><span class='ocrx_word' id='word_1_8' title='bbox 186 475 253 535; x_wconf 90' lang='lat' dir='ltr'><strong>Neo</strong></span> <span class='ocrx_word' id='word_1_9' title='bbox 268 475 336 534; x_wconf 84' lang='lat' dir='ltr'><strong>verd</strong></span> <span class='ocrx_word' id='word_1_10' title='bbox 352 477 395 535; x_wconf 88' lang='lat' dir='ltr'><strong>sio</strong></span> <span class='ocrx_word' id='word_1_11' title='bbox 409 487 471 534; x_wconf 89' lang='lat' dir='ltr'><strong>erat</strong></span> <span class='ocrx_word' id='word_1_12' title='bbox 484 497 611 552; x_wconf 86' lang='lat' dir='ltr'><strong>unquam</strong></span> <span class='ocrx_word' id='word_1_13' title='bbox 626 498 683 536; x_wconf 89' lang='lat' dir='ltr'><strong>aon</strong></span> <span class='ocrx_word' id='word_1_14' title='bbox 697 490 814 556; x_wconf 88' lang='lat' dir='ltr'><strong>paratus</strong></span> <span class='ocrx_word' id='word_1_15' title='bbox 835 477 908 537; x_wconf 84' lang='lat' dir='ltr'><strong>Milo</strong></span> <span class='ocrx_word' id='word_1_16' title='bbox 928 491 1028 538; x_wconf 89' lang='lat' dir='ltr'><strong>contra</strong></span> <span class='ocrx_word' id='word_1_17' title='bbox 1049 479 1140 552; x_wconf 90' lang='lat' dir='ltr'><strong>illurn,</strong></span> 
     </span>
    </p>
   </div>
   <div class='ocr_carea' id='block_1_3' title="bbox 78 555 1252 3957">
    <p class='ocr_par' dir='ltr' id='par_1_3' title="bbox 147 555 1223 1977">
     <span class='ocr_line' id='line_1_4' title="bbox 148 555 1141 635; baseline 0.003 -20"><span class='ocrx_word' id='word_1_18' title='bbox 148 567 179 615; x_wconf 91' lang='lat' dir='ltr'><strong>ut</strong></span> <span class='ocrx_word' id='word_1_19' title='bbox 199 577 257 614; x_wconf 90' lang='lat' dir='ltr'><strong>non</strong></span> <span class='ocrx_word' id='word_1_20' title='bbox 279 557 349 613; x_wconf 86' lang='lat' dir='ltr'><strong>satis</strong></span> <span class='ocrx_word' id='word_1_21' title='bbox 364 555 423 614; x_wconf 71' lang='lat' dir='ltr'><strong>fere</strong></span> <span class='ocrx_word' id='word_1_22' title='bbox 440 568 514 614; x_wconf 84' lang='lat' dir='ltr'><strong>esset</strong></span> <span class='ocrx_word' id='word_1_23' title='bbox 527 567 650 633; x_wconf 88' lang='lat' dir='ltr'><strong>paratus.</strong></span> <span class='ocrx_word' id='word_1_24' title='bbox 694 560 815 635; x_wconf 79' lang='lat' dir='ltr'>Semper</span> <span class='ocrx_word' id='word_1_25' title='bbox 830 559 887 628; x_wconf 88' lang='lat' dir='ltr'><strong>ille,</strong></span> <span class='ocrx_word' id='word_1_26' title='bbox 901 571 931 616; x_wconf 89' lang='lat' dir='ltr'><strong>et</strong></span> <span class='ocrx_word' id='word_1_27' title='bbox 944 573 1083 634; x_wconf 81' lang='lat' dir='ltr'><strong>quatitum</strong></span> <span class='ocrx_word' id='word_1_28' title='bbox 1099 561 1141 618; x_wconf 90' lang='lat' dir='ltr'><strong>in·</strong></span> 
     </span>
     <span class='ocr_line' id='line_1_5' title="bbox 147 635 1141 712; baseline 0.004 -18"><span class='ocrx_word' id='word_1_29' title='bbox 147 646 268 694; x_wconf 87' lang='lat' dir='ltr'><strong>teresset</strong></span> <span class='ocrx_word' id='word_1_30' title='bbox 292 635 324 692; x_wconf 90' lang='lat' dir='ltr'><strong>P.</strong></span> <span class='ocrx_word' id='word_1_31' title='bbox 348 635 454 706; x_wconf 90' lang='lat' dir='ltr'><strong>Clodii,</strong></span> <span class='ocrx_word' id='word_1_32' title='bbox 478 655 508 693; x_wconf 88' lang='lat' dir='ltr'><strong>se</strong></span> <span class='ocrx_word' id='word_1_33' title='bbox 532 637 634 712; x_wconf 91' lang='lat' dir='ltr'><strong>perire,</strong></span> <span class='ocrx_word' id='word_1_34' title='bbox 656 647 686 694; x_wconf 88' lang='lat' dir='ltr'><strong>et</strong></span> <span class='ocrx_word' id='word_1_35' title='bbox 713 649 821 712; x_wconf 86' lang='lat' dir='ltr'><strong>quanto</strong></span> <span class='ocrx_word' id='word_1_36' title='bbox 849 638 889 695; x_wconf 92' lang='lat' dir='ltr'><strong>illi</strong></span> <span class='ocrx_word' id='word_1_37' title='bbox 912 639 979 696; x_wconf 90' lang='lat' dir='ltr'><strong>odio</strong></span> <span class='ocrx_word' id='word_1_38' title='bbox 1005 653 1090 710; x_wconf 89' lang='lat' dir='ltr'><strong>esset,</strong></span> <span class='ocrx_word' id='word_1_39' title='bbox 1111 649 1141 698; x_wconf 83' lang='lat' dir='ltr'><strong>et</strong></span> 
     </span>
     <span class='ocr_line' id='line_1_6' title="bbox 148 715 1140 791; baseline 0.006 -21"><span class='ocrx_word' id='word_1_40' title='bbox 148 726 287 791; x_wconf 90' lang='lat' dir='ltr'><strong>quantum</strong></span> <span class='ocrx_word' id='word_1_41' title='bbox 307 715 355 772; x_wconf 91' lang='lat' dir='ltr'><strong>ille</strong></span> <span class='ocrx_word' id='word_1_42' title='bbox 379 715 506 786; x_wconf 82' lang='lat' dir='ltr'>auderet,</span> <span class='ocrx_word' id='word_1_43' title='bbox 521 715 674 791; x_wconf 76' lang='lat' dir='ltr'><strong>cogitabat.</strong></span> <span class='ocrx_word' id='word_1_44' title='bbox 716 715 917 780; x_wconf 75' lang='lat' dir='ltr'><strong>Quamobrem</strong></span> <span class='ocrx_word' id='word_1_45' title='bbox 939 718 1026 774; x_wconf 85' lang='lat' dir='ltr'><strong>vitam</strong></span> <span class='ocrx_word' id='word_1_46' title='bbox 1047 737 1140 790; x_wconf 87' lang='lat' dir='ltr'><strong>suam,</strong></span> 
     </span>
     <span class='ocr_line' id='line_1_7' title="bbox 148 794 1195 872; baseline 0.009 -22"><span class='ocrx_word' id='word_1_47' title='bbox 148 813 235 870; x_wconf 86' lang='lat' dir='ltr'><strong>quam</strong></span> <span class='ocrx_word' id='word_1_48' title='bbox 255 794 389 850; x_wconf 88' lang='lat' dir='ltr'><strong>maximis</strong></span> <span class='ocrx_word' id='word_1_49' title='bbox 409 794 533 870; x_wconf 71' lang='lat' dir='ltr'><strong>praemiis</strong></span> <span class='ocrx_word' id='word_1_50' title='bbox 546 795 718 870; x_wconf 75' lang='lat' dir='ltr'><strong>propositam</strong></span> <span class='ocrx_word' id='word_1_51' title='bbox 731 805 761 852; x_wconf 91' lang='lat' dir='ltr'><strong>et</strong></span> <span class='ocrx_word' id='word_1_52' title='bbox 774 795 848 872; x_wconf 76' lang='lat' dir='ltr'><strong>penti</strong></span> <span class='ocrx_word' id='word_1_53' title='bbox 861 795 1006 854; x_wconf 78' lang='lat' dir='ltr'><strong>addictam</strong></span> <span class='ocrx_word' id='word_1_54' title='bbox 1020 797 1141 870; x_wconf 86' lang='lat' dir='ltr'><strong>sciebat,</strong></span> <span class='ocrx_word' id='word_1_55' title='bbox 1176 805 1195 860; x_wconf 75' lang='lat'><strong>5</strong></span> 
     </span>
     <span class='ocr_line' id='line_1_8' title="bbox 149 871 1142 954; baseline 0.002 -22"><span class='ocrx_word' id='word_1_56' title='bbox 149 891 297 947; x_wconf 90' lang='lat' dir='ltr'><strong>nunquam</strong></span> <span class='ocrx_word' id='word_1_57' title='bbox 312 871 342 930; x_wconf 93' lang='lat' dir='ltr'><strong>in</strong></span> <span class='ocrx_word' id='word_1_58' title='bbox 360 873 521 948; x_wconf 88' lang='lat' dir='ltr'><strong>periculum</strong></span> <span class='ocrx_word' id='word_1_59' title='bbox 541 873 604 931; x_wconf 87' lang='lat' dir='ltr'><strong>sine</strong></span> <span class='ocrx_word' id='word_1_60' title='bbox 624 875 758 949; x_wconf 74' lang='lat' dir='ltr'><strong>prasidio</strong></span> <span class='ocrx_word' id='word_1_61' title='bbox 776 886 806 932; x_wconf 89' lang='lat' dir='ltr'><strong>et</strong></span> <span class='ocrx_word' id='word_1_62' title='bbox 826 874 889 933; x_wconf 89' lang='lat' dir='ltr'><strong>sine</strong></span> <span class='ocrx_word' id='word_1_63' title='bbox 909 875 1040 933; x_wconf 77' lang='lat' dir='ltr'><strong>custodiit</strong></span> <span class='ocrx_word' id='word_1_64' title='bbox 1061 877 1142 954; x_wconf 85' lang='lat' dir='ltr'><strong>proji-</strong></span> 
     </span>
     <span class='ocr_line' id='line_1_9' title="bbox 150 951 1142 1031; baseline 0.004 -21"><span class='ocrx_word' id='word_1_65' title='bbox 150 953 254 1010; x_wconf 88' lang='lat' dir='ltr'><strong>ciebat.</strong></span> <span class='ocrx_word' id='word_1_66' title='bbox 296 952 382 1008; x_wconf 87' lang='lat' dir='ltr'><strong>Adde</strong></span> <span class='ocrx_word' id='word_1_67' title='bbox 403 971 497 1022; x_wconf 84' lang='lat' dir='ltr'><strong>casus,</strong></span> <span class='ocrx_word' id='word_1_68' title='bbox 520 952 593 1009; x_wconf 87' lang='lat' dir='ltr'><strong>adde</strong></span> <span class='ocrx_word' id='word_1_69' title='bbox 614 951 740 1010; x_wconf 84' lang='lat' dir='ltr'><strong>incertos</strong></span> <span class='ocrx_word' id='word_1_70' title='bbox 760 954 853 1011; x_wconf 87' lang='lat' dir='ltr'><strong>exitus</strong></span> <span class='ocrx_word' id='word_1_71' title='bbox 873 973 1045 1031; x_wconf 81' lang='lat' dir='ltr'><strong>pugnarum,</strong></span> <span class='ocrx_word' id='word_1_72' title='bbox 1065 955 1142 1014; x_wconf 86' lang='lat' dir='ltr'><strong>Illar-</strong></span> 
     </span>
     <span class='ocr_line' id='line_1_10' title="bbox 148 1031 1141 1108; baseline 0.004 -20"><span class='ocrx_word' id='word_1_73' title='bbox 148 1043 264 1106; x_wconf 86' lang='lat' dir='ltr'><strong>temque</strong></span> <span class='ocrx_word' id='word_1_74' title='bbox 279 1049 462 1088; x_wconf 90' lang='lat' dir='ltr'><strong>communem</strong></span> <span class='ocrx_word' id='word_1_75' title='bbox 474 1052 481 1100; x_wconf 91' lang='lat'>;</span> <span class='ocrx_word' id='word_1_76' title='bbox 502 1031 551 1106; x_wconf 91' lang='lat' dir='ltr'><strong>qui</strong></span> <span class='ocrx_word' id='word_1_77' title='bbox 567 1050 641 1106; x_wconf 86' lang='lat' dir='ltr'><strong>saepe</strong></span> <span class='ocrx_word' id='word_1_78' title='bbox 652 1031 821 1107; x_wconf 89' lang='lat' dir='ltr'><strong>spoliantem</strong></span> <span class='ocrx_word' id='word_1_79' title='bbox 833 1033 893 1108; x_wconf 88' lang='lat' dir='ltr'><strong>jam</strong></span> <span class='ocrx_word' id='word_1_80' title='bbox 907 1043 938 1092; x_wconf 89' lang='lat' dir='ltr'><strong>et</strong></span> <span class='ocrx_word' id='word_1_81' title='bbox 950 1034 1141 1092; x_wconf 81' lang='lat' dir='ltr'><strong>exsultantem</strong></span> 
     </span>
     <span class='ocr_line' id='line_1_11' title="bbox 149 1109 1141 1191; baseline 0.003 -24"><span class='ocrx_word' id='word_1_82' title='bbox 149 1111 261 1178; x_wconf 86' lang='lat' dir='ltr'><strong>evertit,</strong></span> <span class='ocrx_word' id='word_1_83' title='bbox 276 1119 305 1166; x_wconf 90' lang='lat' dir='ltr'><strong>et</strong></span> <span class='ocrx_word' id='word_1_84' title='bbox 326 1109 450 1184; x_wconf 87' lang='lat' dir='ltr'><strong>perculit</strong></span> <span class='ocrx_word' id='word_1_85' title='bbox 464 1110 499 1166; x_wconf 89' lang='lat' dir='ltr'><strong>ab</strong></span> <span class='ocrx_word' id='word_1_86' title='bbox 515 1110 636 1184; x_wconf 89' lang='lat' dir='ltr'><strong>abjecto.</strong></span> <span class='ocrx_word' id='word_1_87' title='bbox 679 1111 766 1168; x_wconf 89' lang='lat' dir='ltr'><strong>Adde</strong></span> <span class='ocrx_word' id='word_1_88' title='bbox 787 1111 930 1170; x_wconf 87' lang='lat' dir='ltr'><strong>inscitiam</strong></span> <span class='ocrx_word' id='word_1_89' title='bbox 951 1113 1058 1190; x_wconf 85' lang='lat' dir='ltr'><strong>pransi,</strong></span> <span class='ocrx_word' id='word_1_90' title='bbox 1072 1115 1141 1191; x_wconf 90' lang='lat' dir='ltr'><strong>poti,</strong></span> 
     </span>
     <span class='ocr_line' id='line_1_12' title="bbox 147 1187 1223 1269; baseline 0.004 -22"><span class='ocrx_word' id='word_1_91' title='bbox 147 1190 300 1247; x_wconf 84' lang='lat' dir='ltr'><strong>oscitantis</strong></span> <span class='ocrx_word' id='word_1_92' title='bbox 313 1187 406 1257; x_wconf 88' lang='lat' dir='ltr'><strong>ducis,</strong></span> <span class='ocrx_word' id='word_1_93' title='bbox 419 1189 477 1262; x_wconf 82' lang='lat' dir='ltr'><strong>qul,</strong></span> <span class='ocrx_word' id='word_1_94' title='bbox 487 1187 555 1245; x_wconf 79' lang='lat' dir='ltr'><strong>clim</strong></span> <span class='ocrx_word' id='word_1_95' title='bbox 568 1207 585 1246; x_wconf 90' lang='lat' dir='ltr'><strong>a</strong></span> <span class='ocrx_word' id='word_1_96' title='bbox 599 1199 679 1266; x_wconf 80' lang='lat' dir='ltr'><strong>tergo</strong></span> <span class='ocrx_word' id='word_1_97' title='bbox 690 1190 800 1246; x_wconf 89' lang='lat' dir='ltr'><strong>bostem</strong></span> <span class='ocrx_word' id='word_1_98' title='bbox 812 1191 999 1248; x_wconf 84' lang='lat' dir='ltr'><strong>interclusum</strong></span> <span class='ocrx_word' id='word_1_99' title='bbox 1014 1193 1143 1269; x_wconf 87' lang='lat' dir='ltr'><strong>reliquis·</strong></span> <span class='ocrx_word' id='word_1_100' title='bbox 1164 1198 1197 1251; x_wconf 81' lang='lat' dir='ltr'><strong>tu</strong></span> <span class='ocrx_word' id='word_1_101' title='bbox 1210 1209 1223 1226; x_wconf 87' lang='lat'><strong><em>‘</em></strong></span> 
     </span>
     <span class='ocr_line' id='line_1_13' title="bbox 149 1267 1144 1346; baseline 0.005 -21"><span class='ocrx_word' id='word_1_102' title='bbox 149 1279 202 1338; x_wconf 88' lang='lat' dir='ltr'><strong>set,</strong></span> <span class='ocrx_word' id='word_1_103' title='bbox 218 1268 289 1326; x_wconf 90' lang='lat' dir='ltr'><strong>nihil</strong></span> <span class='ocrx_word' id='word_1_104' title='bbox 312 1267 348 1324; x_wconf 89' lang='lat' dir='ltr'><strong>de</strong></span> <span class='ocrx_word' id='word_1_105' title='bbox 369 1267 430 1342; x_wconf 89' lang='lat' dir='ltr'><strong>ejus</strong></span> <span class='ocrx_word' id='word_1_106' title='bbox 451 1267 586 1324; x_wconf 82' lang='lat' dir='ltr'><strong>extremis</strong></span> <span class='ocrx_word' id='word_1_107' title='bbox 606 1269 761 1325; x_wconf 76' lang='lat' dir='ltr'><strong>comitibus</strong></span> <span class='ocrx_word' id='word_1_108' title='bbox 781 1270 933 1346; x_wconf 80' lang='lat' dir='ltr'><strong>cogitavit3</strong></span> <span class='ocrx_word' id='word_1_109' title='bbox 956 1271 985 1327; x_wconf 88' lang='lat' dir='ltr'><strong>in</strong></span> <span class='ocrx_word' id='word_1_110' title='bbox 1006 1290 1087 1345; x_wconf 87' lang='lat' dir='ltr'><strong>quos,</strong></span> <span class='ocrx_word' id='word_1_111' title='bbox 1102 1273 1144 1330; x_wconf 90' lang='lat' dir='ltr'><strong>in·</strong></span> 
     </span>
     <span class='ocr_line' id='line_1_14' title="bbox 150 1345 1144 1424; baseline 0.004 -20"><span class='ocrx_word' id='word_1_112' title='bbox 150 1367 254 1404; x_wconf 89' lang='lat' dir='ltr'><strong>censos</strong></span> <span class='ocrx_word' id='word_1_113' title='bbox 268 1345 322 1416; x_wconf 82' lang='lat' dir='ltr'><strong>ird,</strong></span> <span class='ocrx_word' id='word_1_114' title='bbox 336 1346 480 1420; x_wconf 87' lang='lat' dir='ltr'><strong>vitamque</strong></span> <span class='ocrx_word' id='word_1_115' title='bbox 494 1346 602 1404; x_wconf 91' lang='lat' dir='ltr'><strong>domini</strong></span> <span class='ocrx_word' id='word_1_116' title='bbox 621 1347 817 1424; x_wconf 84' lang='lat' dir='ltr'><strong>desperantes,</strong></span> <span class='ocrx_word' id='word_1_117' title='bbox 831 1346 899 1405; x_wconf 79' lang='lat' dir='ltr'><strong>oirm</strong></span> <span class='ocrx_word' id='word_1_118' title='bbox 915 1349 1073 1420; x_wconf 88' lang='lat' dir='ltr'><strong>incidisset,</strong></span> <span class='ocrx_word' id='word_1_119' title='bbox 1088 1352 1144 1408; x_wconf 68' lang='lat' dir='ltr'><strong>bre·</strong></span> 
     </span>
     <span class='ocr_line' id='line_1_15' title="bbox 149 1425 1144 1502; baseline 0.004 -20"><span class='ocrx_word' id='word_1_120' title='bbox 149 1425 230 1483; x_wconf 90' lang='lat' dir='ltr'><strong>sitin</strong></span> <span class='ocrx_word' id='word_1_121' title='bbox 247 1425 484 1500; x_wconf 86' lang='lat' dir='ltr'><strong>iispoenis,quas</strong></span> <span class='ocrx_word' id='word_1_122' title='bbox 505 1425 541 1482; x_wconf 89' lang='lat' dir='ltr'><strong>ab</strong></span> <span class='ocrx_word' id='word_1_123' title='bbox 562 1445 597 1484; x_wconf 89' lang='lat' dir='ltr'><strong>eo</strong></span> <span class='ocrx_word' id='word_1_124' title='bbox 616 1426 690 1482; x_wconf 87' lang='lat' dir='ltr'><strong>servi</strong></span> <span class='ocrx_word' id='word_1_125' title='bbox 712 1426 812 1483; x_wconf 87' lang='lat' dir='ltr'><strong>fideles</strong></span> <span class='ocrx_word' id='word_1_126' title='bbox 833 1446 883 1502; x_wconf 92' lang='lat' dir='ltr'><strong>pro</strong></span> <span class='ocrx_word' id='word_1_127' title='bbox 903 1427 1011 1484; x_wconf 86' lang='lat' dir='ltr'><strong>domini</strong></span> <span class='ocrx_word' id='word_1_128' title='bbox 1026 1428 1083 1484; x_wconf 77' lang='lat' dir='ltr'><strong>vin</strong></span> <span class='ocrx_word' id='word_1_129' title='bbox 1097 1448 1144 1486; x_wconf 85' lang='lat' dir='ltr'><strong>ex·</strong></span> 
     </span>
     <span class='ocr_line' id='line_1_16' title="bbox 148 1504 1144 1582; baseline 0.004 -22"><span class='ocrx_word' id='word_1_130' title='bbox 148 1505 320 1582; x_wconf 87' lang='lat' dir='ltr'><strong>petiverunt.</strong></span> <span class='ocrx_word' id='word_1_131' title='bbox 363 1504 424 1561; x_wconf 89' lang='lat' dir='ltr'><strong>Cur</strong></span> <span class='ocrx_word' id='word_1_132' title='bbox 447 1504 533 1581; x_wconf 83' lang='lat' dir='ltr'><strong>igitur</strong></span> <span class='ocrx_word' id='word_1_133' title='bbox 552 1524 601 1562; x_wconf 89' lang='lat' dir='ltr'><strong>eos</strong></span> <span class='ocrx_word' id='word_1_134' title='bbox 623 1505 811 1562; x_wconf 89' lang='lat' dir='ltr'><strong>manumisitl</strong></span> <span class='ocrx_word' id='word_1_135' title='bbox 846 1504 1006 1576; x_wconf 86' lang='lat' dir='ltr'><strong>Metuebat,</strong></span> <span class='ocrx_word' id='word_1_136' title='bbox 1021 1506 1144 1578; x_wconf 88' lang='lat' dir='ltr'><strong>scilicet,</strong></span> 
     </span>
     <span class='ocr_line' id='line_1_17' title="bbox 149 1581 1199 1660; baseline 0.001 -19"><span class='ocrx_word' id='word_1_137' title='bbox 149 1603 186 1641; x_wconf 93' lang='lat' dir='ltr'><strong>ne</strong></span> <span class='ocrx_word' id='word_1_138' title='bbox 197 1583 379 1652; x_wconf 85' lang='lat' dir='ltr'><strong>indicarent;</strong></span> <span class='ocrx_word' id='word_1_139' title='bbox 401 1603 438 1640; x_wconf 89' lang='lat' dir='ltr'><strong>ne</strong></span> <span class='ocrx_word' id='word_1_140' title='bbox 448 1583 574 1640; x_wconf 88' lang='lat' dir='ltr'><strong>dolorem</strong></span> <span class='ocrx_word' id='word_1_141' title='bbox 586 1583 713 1660; x_wconf 78' lang='lat' dir='ltr'><strong>perferre</strong></span> <span class='ocrx_word' id='word_1_142' title='bbox 723 1597 919 1660; x_wconf 82' lang='lat' dir='ltr'><strong>nonpossent3</strong></span> <span class='ocrx_word' id='word_1_143' title='bbox 942 1604 979 1642; x_wconf 91' lang='lat' dir='ltr'><strong>ne</strong></span> <span class='ocrx_word' id='word_1_144' title='bbox 994 1586 1144 1644; x_wconf 86' lang='lat' dir='ltr'><strong>tormentis</strong></span> <span class='ocrx_word' id='word_1_145' title='bbox 1165 1581 1199 1634; x_wconf 86' lang='lat'><strong>15</strong></span> 
     </span>
     <span class='ocr_line' id='line_1_18' title="bbox 151 1663 1142 1740; baseline 0.003 -20"><span class='ocrx_word' id='word_1_146' title='bbox 151 1673 335 1738; x_wconf 80' lang='lat' dir='ltr'><strong>cogerentur,</strong></span> <span class='ocrx_word' id='word_1_147' title='bbox 349 1663 479 1720; x_wconf 89' lang='lat' dir='ltr'><strong>occisum</strong></span> <span class='ocrx_word' id='word_1_148' title='bbox 501 1681 564 1720; x_wconf 88' lang='lat' dir='ltr'><strong>esse</strong></span> <span class='ocrx_word' id='word_1_149' title='bbox 588 1664 716 1720; x_wconf 81' lang='lat' dir='ltr'><strong>a&#39;servis</strong></span> <span class='ocrx_word' id='word_1_150' title='bbox 738 1663 857 1721; x_wconf 80' lang='lat' dir='ltr'><strong>Milonis</strong></span> <span class='ocrx_word' id='word_1_151' title='bbox 878 1664 908 1722; x_wconf 90' lang='lat' dir='ltr'><strong>in</strong></span> <span class='ocrx_word' id='word_1_152' title='bbox 932 1664 1027 1740; x_wconf 78' lang='lat' dir='ltr'><strong>Appid</strong></span> <span class='ocrx_word' id='word_1_153' title='bbox 1046 1665 1093 1722; x_wconf 83' lang='lat' dir='ltr'><strong>rid</strong></span> <span class='ocrx_word' id='word_1_154' title='bbox 1111 1665 1142 1723; x_wconf 87' lang='lat' dir='ltr'><strong>P.</strong></span> 
     </span>
     <span class='ocr_line' id='line_1_19' title="bbox 151 1740 1144 1820; baseline 0.004 -22"><span class='ocrx_word' id='word_1_155' title='bbox 151 1741 298 1811; x_wconf 90' lang='lat' dir='ltr'><strong>Clodium,</strong></span> <span class='ocrx_word' id='word_1_156' title='bbox 327 1741 465 1798; x_wconf 86' lang='lat' dir='ltr'><strong>confiteri.</strong></span> <span class='ocrx_word' id='word_1_157' title='bbox 506 1740 589 1802; x_wconf 82' lang='lat' dir='ltr'><strong>Quid</strong></span> <span class='ocrx_word' id='word_1_158' title='bbox 617 1761 689 1818; x_wconf 86' lang='lat' dir='ltr'><strong>opus</strong></span> <span class='ocrx_word' id='word_1_159' title='bbox 709 1754 753 1800; x_wconf 88' lang='lat' dir='ltr'><strong>est</strong></span> <span class='ocrx_word' id='word_1_160' title='bbox 773 1745 899 1801; x_wconf 90' lang='lat' dir='ltr'><strong>tortorel</strong></span> <span class='ocrx_word' id='word_1_161' title='bbox 929 1745 998 1818; x_wconf 88' lang='lat' dir='ltr'><strong>quid</strong></span> <span class='ocrx_word' id='word_1_162' title='bbox 1019 1745 1144 1820; x_wconf 81' lang='lat' dir='ltr'><strong>quaeris‘l</strong></span> 
     </span>
     <span class='ocr_line' id='line_1_20' title="bbox 150 1820 1142 1897; baseline 0.005 -19"><span class='ocrx_word' id='word_1_163' title='bbox 150 1821 351 1878; x_wconf 85' lang='lat' dir='ltr'><strong>occideritnel</strong></span> <span class='ocrx_word' id='word_1_164' title='bbox 371 1820 488 1878; x_wconf 74' lang='lat' dir='ltr'><strong>occidit.</strong></span> <span class='ocrx_word' id='word_1_165' title='bbox 530 1820 612 1892; x_wconf 87' lang='lat' dir='ltr'><strong>Iure,</strong></span> <span class='ocrx_word' id='word_1_166' title='bbox 629 1840 664 1878; x_wconf 90' lang='lat' dir='ltr'><strong>an</strong></span> <span class='ocrx_word' id='word_1_167' title='bbox 686 1821 812 1897; x_wconf 77' lang='lat' dir='ltr'><strong>injuribl</strong></span> <span class='ocrx_word' id='word_1_168' title='bbox 839 1824 911 1881; x_wconf 88' lang='lat' dir='ltr'><strong>nibil</strong></span> <span class='ocrx_word' id='word_1_169' title='bbox 932 1823 968 1881; x_wconf 91' lang='lat' dir='ltr'><strong>ad</strong></span> <span class='ocrx_word' id='word_1_170' title='bbox 989 1835 1142 1884; x_wconf 87' lang='lat' dir='ltr'><strong>tortorem:</strong></span> 
     </span>
     <span class='ocr_line' id='line_1_21' title="bbox 152 1899 955 1977; baseline 0.004 -20"><span class='ocrx_word' id='word_1_171' title='bbox 152 1900 221 1957; x_wconf 85' lang='lat' dir='ltr'><strong>facti</strong></span> <span class='ocrx_word' id='word_1_172' title='bbox 236 1899 315 1956; x_wconf 89' lang='lat' dir='ltr'><strong>enim</strong></span> <span class='ocrx_word' id='word_1_173' title='bbox 330 1899 360 1956; x_wconf 90' lang='lat' dir='ltr'><strong>in</strong></span> <span class='ocrx_word' id='word_1_174' title='bbox 374 1899 497 1973; x_wconf 90' lang='lat' dir='ltr'><strong>equuleo</strong></span> <span class='ocrx_word' id='word_1_175' title='bbox 510 1899 629 1974; x_wconf 70' lang='lat' dir='ltr'><strong>quaestio</strong></span> <span class='ocrx_word' id='word_1_176' title='bbox 642 1911 695 1970; x_wconf 89' lang='lat' dir='ltr'><strong>est,</strong></span> <span class='ocrx_word' id='word_1_177' title='bbox 707 1901 780 1976; x_wconf 90' lang='lat' dir='ltr'><strong>juris</strong></span> <span class='ocrx_word' id='word_1_178' title='bbox 794 1901 824 1958; x_wconf 92' lang='lat' dir='ltr'><strong>in</strong></span> <span class='ocrx_word' id='word_1_179' title='bbox 835 1901 955 1977; x_wconf 86' lang='lat' dir='ltr'><strong>judicio.</strong></span> 
     </span>
    </p>

    <p class='ocr_par' dir='ltr' id='par_1_4' title="bbox 126 1977 1207 3323">
     <span class='ocr_line' id='line_1_22' title="bbox 190 1977 1200 2058; baseline 0.002 -22"><span class='ocrx_word' id='word_1_180' title='bbox 190 1977 298 2036; x_wconf 88' lang='lat' dir='ltr'><strong>XXII.</strong></span> <span class='ocrx_word' id='word_1_181' title='bbox 331 1977 421 2039; x_wconf 82' lang='lat' dir='ltr'><strong>Quod</strong></span> <span class='ocrx_word' id='word_1_182' title='bbox 443 1979 530 2054; x_wconf 87' lang='lat' dir='ltr'><strong>igitur</strong></span> <span class='ocrx_word' id='word_1_183' title='bbox 552 1979 581 2036; x_wconf 89' lang='lat' dir='ltr'><strong>in</strong></span> <span class='ocrx_word' id='word_1_184' title='bbox 603 1979 691 2036; x_wconf 76' lang='lat' dir='ltr'><strong>causti</strong></span> <span class='ocrx_word' id='word_1_185' title='bbox 712 1982 898 2054; x_wconf 66' lang='lat' dir='ltr'><strong>quaerendum</strong></span> <span class='ocrx_word' id='word_1_186' title='bbox 912 1991 966 2051; x_wconf 87' lang='lat' dir='ltr'><strong>est,</strong></span> <span class='ocrx_word' id='word_1_187' title='bbox 981 1981 1010 2039; x_wconf 90' lang='lat' dir='ltr'><strong>id</strong></span> <span class='ocrx_word' id='word_1_188' title='bbox 1025 2001 1146 2058; x_wconf 80' lang='lat' dir='ltr'><strong>agamus</strong></span> <span class='ocrx_word' id='word_1_189' title='bbox 1162 1985 1200 2038; x_wconf 80' lang='lat'><strong>20</strong></span> 
     </span>
     <span class='ocr_line' id='line_1_23' title="bbox 152 2057 1144 2132; baseline 0.001 -16"><span class='ocrx_word' id='word_1_190' title='bbox 152 2057 217 2116; x_wconf 90' lang='lat' dir='ltr'><strong>bic:</strong></span> <span class='ocrx_word' id='word_1_191' title='bbox 240 2057 316 2132; x_wconf 90' lang='lat' dir='ltr'><strong>quod</strong></span> <span class='ocrx_word' id='word_1_192' title='bbox 340 2058 489 2115; x_wconf 87' lang='lat' dir='ltr'><strong>tormentis</strong></span> <span class='ocrx_word' id='word_1_193' title='bbox 512 2058 640 2115; x_wconf 84' lang='lat' dir='ltr'><strong>invenire</strong></span> <span class='ocrx_word' id='word_1_194' title='bbox 662 2058 715 2130; x_wconf 87' lang='lat' dir='ltr'><strong>vis,</strong></span> <span class='ocrx_word' id='word_1_195' title='bbox 738 2058 767 2115; x_wconf 95' lang='lat' dir='ltr'><strong>id</strong></span> <span class='ocrx_word' id='word_1_196' title='bbox 790 2059 920 2116; x_wconf 85' lang='lat' dir='ltr'><strong>latemur.</strong></span> <span class='ocrx_word' id='word_1_197' title='bbox 962 2057 1054 2116; x_wconf 87' lang='lat' dir='ltr'><strong>Manu</strong></span> <span class='ocrx_word' id='word_1_198' title='bbox 1076 2060 1144 2117; x_wconf 80' lang='lat' dir='ltr'><strong>verb</strong></span> 
     </span>
     <span class='ocr_line' id='line_1_24' title="bbox 153 2134 1146 2213; baseline -0.001 -18"><span class='ocrx_word' id='word_1_199' title='bbox 153 2157 205 2195; x_wconf 86' lang='lat' dir='ltr'><strong>cur</strong></span> <span class='ocrx_word' id='word_1_200' title='bbox 226 2137 346 2207; x_wconf 88' lang='lat' dir='ltr'><strong>miserit,</strong></span> <span class='ocrx_word' id='word_1_201' title='bbox 368 2137 392 2194; x_wconf 90' lang='lat' dir='ltr'><strong>si</strong></span> <span class='ocrx_word' id='word_1_202' title='bbox 420 2136 449 2193; x_wconf 90' lang='lat' dir='ltr'><strong>id</strong></span> <span class='ocrx_word' id='word_1_203' title='bbox 470 2135 565 2213; x_wconf 77' lang='lat' dir='ltr'><strong>potius</strong></span> <span class='ocrx_word' id='word_1_204' title='bbox 586 2138 700 2211; x_wconf 85' lang='lat' dir='ltr'><strong>quaeris,</strong></span> <span class='ocrx_word' id='word_1_205' title='bbox 724 2134 811 2213; x_wconf 78' lang='lat' dir='ltr'><strong>qudm</strong></span> <span class='ocrx_word' id='word_1_206' title='bbox 838 2155 890 2193; x_wconf 90' lang='lat' dir='ltr'><strong>cur</strong></span> <span class='ocrx_word' id='word_1_207' title='bbox 917 2156 1017 2213; x_wconf 91' lang='lat' dir='ltr'><strong>parum</strong></span> <span class='ocrx_word' id='word_1_208' title='bbox 1045 2138 1146 2213; x_wconf 89' lang='lat' dir='ltr'><strong>amplis</strong></span> 
     </span>
     <span class='ocr_line' id='line_1_25' title="bbox 154 2216 1148 2293; baseline -0.002 -18"><span class='ocrx_word' id='word_1_209' title='bbox 154 2218 284 2275; x_wconf 88' lang='lat' dir='ltr'><strong>affecerit</strong></span> <span class='ocrx_word' id='word_1_210' title='bbox 297 2216 421 2293; x_wconf 68' lang='lat' dir='ltr'><strong>praemiis</strong></span> <span class='ocrx_word' id='word_1_211' title='bbox 432 2236 439 2287; x_wconf 90' lang='lat'>;</span> <span class='ocrx_word' id='word_1_212' title='bbox 461 2216 556 2274; x_wconf 90' lang='lat' dir='ltr'><strong>nescis</strong></span> <span class='ocrx_word' id='word_1_213' title='bbox 571 2218 682 2274; x_wconf 87' lang='lat' dir='ltr'><strong>inimici</strong></span> <span class='ocrx_word' id='word_1_214' title='bbox 693 2218 801 2274; x_wconf 83' lang='lat' dir='ltr'><strong>lactum</strong></span> <span class='ocrx_word' id='word_1_215' title='bbox 813 2217 1030 2291; x_wconf 87' lang='lat' dir='ltr'><strong>reprehendere.</strong></span> <span class='ocrx_word' id='word_1_216' title='bbox 1066 2217 1148 2274; x_wconf 82' lang='lat' dir='ltr'><strong>Dixit</strong></span> 
     </span>
     <span class='ocr_line' id='line_1_26' title="bbox 153 2294 1146 2372; baseline -0.001 -18"><span class='ocrx_word' id='word_1_217' title='bbox 153 2297 231 2355; x_wconf 90' lang='lat' dir='ltr'><strong>enirn</strong></span> <span class='ocrx_word' id='word_1_218' title='bbox 247 2297 296 2353; x_wconf 89' lang='lat' dir='ltr'><strong>hic</strong></span> <span class='ocrx_word' id='word_1_219' title='bbox 312 2297 399 2368; x_wconf 86' lang='lat' dir='ltr'><strong>idem,</strong></span> <span class='ocrx_word' id='word_1_220' title='bbox 413 2294 462 2371; x_wconf 88' lang='lat' dir='ltr'><strong>qui</strong></span> <span class='ocrx_word' id='word_1_221' title='bbox 478 2297 576 2354; x_wconf 84' lang='lat' dir='ltr'><strong>omnia</strong></span> <span class='ocrx_word' id='word_1_222' title='bbox 597 2314 710 2372; x_wconf 87' lang='lat' dir='ltr'><strong>semper</strong></span> <span class='ocrx_word' id='word_1_223' title='bbox 732 2305 897 2353; x_wconf 80' lang='lat' dir='ltr'><strong>constanter</strong></span> <span class='ocrx_word' id='word_1_224' title='bbox 918 2306 948 2353; x_wconf 90' lang='lat' dir='ltr'><strong>et</strong></span> <span class='ocrx_word' id='word_1_225' title='bbox 970 2295 1089 2366; x_wconf 84' lang='lat' dir='ltr'><strong>sortiter,</strong></span> <span class='ocrx_word' id='word_1_226' title='bbox 1104 2294 1146 2353; x_wconf 88' lang='lat' dir='ltr'><strong>M.</strong></span> 
     </span>
     <span class='ocr_line' id='line_1_27' title="bbox 153 2373 1203 2471; baseline -0.003 -37"><span class='ocrx_word' id='word_1_227' title='bbox 153 2376 238 2448; x_wconf 87' lang='lat' dir='ltr'><strong>Cato,</strong></span> <span class='ocrx_word' id='word_1_228' title='bbox 262 2376 391 2451; x_wconf 82' lang='lat' dir='ltr'><strong>dixitque</strong></span> <span class='ocrx_word' id='word_1_229' title='bbox 419 2376 449 2433; x_wconf 91' lang='lat' dir='ltr'><strong>in</strong></span> <span class='ocrx_word' id='word_1_230' title='bbox 476 2375 642 2433; x_wconf 75' lang='lat' dir='ltr'><strong>turbulenti</strong></span> <span class='ocrx_word' id='word_1_231' title='bbox 670 2375 811 2433; x_wconf 90' lang='lat' dir='ltr'><strong>concione</strong></span> <span class='ocrx_word' id='word_1_232' title='bbox 839 2373 917 2471; x_wconf 60' lang='lat' dir='ltr'><strong>(quaa</strong></span> <span class='ocrx_word' id='word_1_233' title='bbox 941 2386 1038 2433; x_wconf 87' lang='lat' dir='ltr'><strong>tamen</strong></span> <span class='ocrx_word' id='word_1_234' title='bbox 1063 2376 1147 2452; x_wconf 86' lang='lat' dir='ltr'><strong>hujus</strong></span> <span class='ocrx_word' id='word_1_235' title='bbox 1166 2378 1203 2431; x_wconf 53' lang='grc' dir='ltr'>ᾖ</span> 
     </span>
     <span class='ocr_line' id='line_1_28' title="bbox 155 2454 1148 2533; baseline 0 -20"><span class='ocrx_word' id='word_1_236' title='bbox 155 2455 326 2513; x_wconf 86' lang='lat' dir='ltr'><strong>auctoritate</strong></span> <span class='ocrx_word' id='word_1_237' title='bbox 347 2454 461 2531; x_wconf 89' lang='lat' dir='ltr'><strong>placata</strong></span> <span class='ocrx_word' id='word_1_238' title='bbox 482 2455 551 2533; x_wconf 85' lang='lat' dir='ltr'><strong>est),</strong></span> <span class='ocrx_word' id='word_1_239' title='bbox 567 2474 624 2513; x_wconf 91' lang='lat' dir='ltr'><strong>non</strong></span> <span class='ocrx_word' id='word_1_240' title='bbox 646 2454 779 2512; x_wconf 89' lang='lat' dir='ltr'><strong>libertate</strong></span> <span class='ocrx_word' id='word_1_241' title='bbox 801 2454 904 2527; x_wconf 87' lang='lat' dir='ltr'><strong>solum,</strong></span> <span class='ocrx_word' id='word_1_242' title='bbox 918 2457 969 2513; x_wconf 86' lang='lat' dir='ltr'><strong>sed</strong></span> <span class='ocrx_word' id='word_1_243' title='bbox 987 2457 1075 2515; x_wconf 88' lang='lat' dir='ltr'><strong>etiam</strong></span> <span class='ocrx_word' id='word_1_244' title='bbox 1088 2476 1148 2514; x_wconf 92' lang='lat' dir='ltr'><strong>om·</strong></span> 
     </span>
     <span class='ocr_line' id='line_1_29' title="bbox 154 2534 1149 2612; baseline 0.002 -20"><span class='ocrx_word' id='word_1_245' title='bbox 154 2535 240 2592; x_wconf 88' lang='lat' dir='ltr'><strong>nibus</strong></span> <span class='ocrx_word' id='word_1_246' title='bbox 262 2534 396 2611; x_wconf 69' lang='lat' dir='ltr'><strong>premiis,</strong></span> <span class='ocrx_word' id='word_1_247' title='bbox 415 2534 599 2610; x_wconf 86' lang='lat' dir='ltr'><strong>dignissimos</strong></span> <span class='ocrx_word' id='word_1_248' title='bbox 622 2534 720 2606; x_wconf 86' lang='lat' dir='ltr'><strong>luisse,</strong></span> <span class='ocrx_word' id='word_1_249' title='bbox 741 2534 790 2609; x_wconf 91' lang='lat' dir='ltr'><strong>qui</strong></span> <span class='ocrx_word' id='word_1_250' title='bbox 812 2535 921 2593; x_wconf 89' lang='lat' dir='ltr'><strong>domini</strong></span> <span class='ocrx_word' id='word_1_251' title='bbox 943 2548 1028 2612; x_wconf 90' lang='lat' dir='ltr'><strong>caput</strong></span> <span class='ocrx_word' id='word_1_252' title='bbox 1050 2536 1149 2594; x_wconf 88' lang='lat' dir='ltr'><strong>delen·</strong></span> 
     </span>
     <span class='ocr_line' id='line_1_30' title="bbox 155 2613 1149 2692; baseline 0.004 -22"><span class='ocrx_word' id='word_1_253' title='bbox 155 2614 273 2671; x_wconf 87' lang='lat' dir='ltr'><strong>dissent.</strong></span> <span class='ocrx_word' id='word_1_254' title='bbox 315 2613 405 2674; x_wconf 79' lang='lat' dir='ltr'><strong>Quod</strong></span> <span class='ocrx_word' id='word_1_255' title='bbox 429 2613 507 2671; x_wconf 88' lang='lat' dir='ltr'><strong>enirn</strong></span> <span class='ocrx_word' id='word_1_256' title='bbox 529 2613 677 2689; x_wconf 74' lang='lat' dir='ltr'><strong>premium</strong></span> <span class='ocrx_word' id='word_1_257' title='bbox 698 2614 767 2671; x_wconf 85' lang='lat' dir='ltr'><strong>satis</strong></span> <span class='ocrx_word' id='word_1_258' title='bbox 780 2632 917 2692; x_wconf 83' lang='lat' dir='ltr'><strong>magnum</strong></span> <span class='ocrx_word' id='word_1_259' title='bbox 932 2627 975 2673; x_wconf 89' lang='lat' dir='ltr'><strong>est</strong></span> <span class='ocrx_word' id='word_1_260' title='bbox 989 2627 1046 2673; x_wconf 91' lang='lat' dir='ltr'><strong>tam</strong></span> <span class='ocrx_word' id='word_1_261' title='bbox 1062 2617 1149 2674; x_wconf 89' lang='lat' dir='ltr'><strong>bene·</strong></span> 
     </span>
     <span class='ocr_line' id='line_1_31' title="bbox 155 2692 1149 2770; baseline 0.004 -22"><span class='ocrx_word' id='word_1_262' title='bbox 155 2694 236 2763; x_wconf 87' lang='lat' dir='ltr'><strong>volis,</strong></span> <span class='ocrx_word' id='word_1_263' title='bbox 251 2703 310 2749; x_wconf 87' lang='lat' dir='ltr'><strong>tam</strong></span> <span class='ocrx_word' id='word_1_264' title='bbox 324 2692 416 2763; x_wconf 90' lang='lat' dir='ltr'><strong>bonis,</strong></span> <span class='ocrx_word' id='word_1_265' title='bbox 431 2704 489 2749; x_wconf 91' lang='lat' dir='ltr'><strong>tam</strong></span> <span class='ocrx_word' id='word_1_266' title='bbox 505 2692 638 2750; x_wconf 86' lang='lat' dir='ltr'><strong>fidelibus</strong></span> <span class='ocrx_word' id='word_1_267' title='bbox 660 2693 759 2765; x_wconf 84' lang='lat' dir='ltr'><strong>servis,</strong></span> <span class='ocrx_word' id='word_1_268' title='bbox 773 2706 885 2770; x_wconf 88' lang='lat' dir='ltr'><strong>propter</strong></span> <span class='ocrx_word' id='word_1_269' title='bbox 898 2714 969 2769; x_wconf 90' lang='lat' dir='ltr'><strong>quos</strong></span> <span class='ocrx_word' id='word_1_270' title='bbox 981 2696 1071 2753; x_wconf 84' lang='lat' dir='ltr'><strong>vivitl</strong></span> <span class='ocrx_word' id='word_1_271' title='bbox 1094 2695 1149 2752; x_wconf 89' lang='lat' dir='ltr'><strong>etsi</strong></span> 
     </span>
     <span class='ocr_line' id='line_1_32' title="bbox 157 2770 1204 2849; baseline 0.002 -20"><span class='ocrx_word' id='word_1_272' title='bbox 157 2772 185 2829; x_wconf 94' lang='lat' dir='ltr'><strong>id</strong></span> <span class='ocrx_word' id='word_1_273' title='bbox 207 2772 324 2847; x_wconf 89' lang='lat' dir='ltr'><strong>quidem</strong></span> <span class='ocrx_word' id='word_1_274' title='bbox 348 2792 405 2829; x_wconf 92' lang='lat' dir='ltr'><strong>non</strong></span> <span class='ocrx_word' id='word_1_275' title='bbox 427 2771 500 2828; x_wconf 90' lang='lat' dir='ltr'><strong>tanti</strong></span> <span class='ocrx_word' id='word_1_276' title='bbox 523 2782 576 2843; x_wconf 89' lang='lat' dir='ltr'><strong>est,</strong></span> <span class='ocrx_word' id='word_1_277' title='bbox 590 2770 676 2847; x_wconf 79' lang='lat' dir='ltr'><strong>qudm</strong></span> <span class='ocrx_word' id='word_1_278' title='bbox 699 2771 787 2849; x_wconf 85' lang='lat' dir='ltr'><strong>qudd,</strong></span> <span class='ocrx_word' id='word_1_279' title='bbox 807 2784 921 2849; x_wconf 90' lang='lat' dir='ltr'><strong>propter</strong></span> <span class='ocrx_word' id='word_1_280' title='bbox 944 2774 1070 2843; x_wconf 90' lang='lat' dir='ltr'><strong>eosdem,</strong></span> <span class='ocrx_word' id='word_1_281' title='bbox 1091 2794 1149 2831; x_wconf 90' lang='lat' dir='ltr'><strong>non</strong></span> <span class='ocrx_word' id='word_1_282' title='bbox 1166 2771 1204 2825; x_wconf 82' lang='lat'><strong>3⁰</strong></span> 
     </span>
     <span class='ocr_line' id='line_1_33' title="bbox 156 2850 1150 2927; baseline -0.001 -20"><span class='ocrx_word' id='word_1_283' title='bbox 156 2851 299 2927; x_wconf 83' lang='lat' dir='ltr'><strong>sanguine</strong></span> <span class='ocrx_word' id='word_1_284' title='bbox 326 2860 355 2907; x_wconf 88' lang='lat' dir='ltr'><strong>et</strong></span> <span class='ocrx_word' id='word_1_285' title='bbox 381 2850 547 2907; x_wconf 88' lang='lat' dir='ltr'><strong>vulneribus</strong></span> <span class='ocrx_word' id='word_1_286' title='bbox 574 2850 634 2908; x_wconf 91' lang='lat' dir='ltr'><strong>suis</strong></span> <span class='ocrx_word' id='word_1_287' title='bbox 661 2851 854 2909; x_wconf 87' lang='lat' dir='ltr'><strong>crudelissimi</strong></span> <span class='ocrx_word' id='word_1_288' title='bbox 881 2851 994 2907; x_wconf 89' lang='lat' dir='ltr'><strong>inimici</strong></span> <span class='ocrx_word' id='word_1_289' title='bbox 1021 2862 1150 2907; x_wconf 88' lang='lat' dir='ltr'><strong>mentem</strong></span> 
     </span>
     <span class='ocr_line' id='line_1_34' title="bbox 126 2929 1150 3004; baseline -0.009 -12"><span class='ocrx_word' id='word_1_290' title='bbox 126 2938 127 2941; x_wconf 76' lang='grc'>’</span> <span class='ocrx_word' id='word_1_291' title='bbox 156 2930 312 3004; x_wconf 85' lang='lat' dir='ltr'><strong>oculosque</strong></span> <span class='ocrx_word' id='word_1_292' title='bbox 330 2929 452 2987; x_wconf 84' lang='lat' dir='ltr'><strong>satiavit.</strong></span> <span class='ocrx_word' id='word_1_293' title='bbox 493 2929 578 2991; x_wconf 80' lang='lat' dir='ltr'><strong>Quos</strong></span> <span class='ocrx_word' id='word_1_294' title='bbox 591 2931 647 2988; x_wconf 89' lang='lat' dir='ltr'><strong>nisi</strong></span> <span class='ocrx_word' id='word_1_295' title='bbox 662 2929 885 2998; x_wconf 84' lang='lat' dir='ltr'><strong>manumisisset,</strong></span> <span class='ocrx_word' id='word_1_296' title='bbox 899 2929 1049 2984; x_wconf 82' lang='lat' dir='ltr'><strong>tormentis</strong></span> <span class='ocrx_word' id='word_1_297' title='bbox 1062 2929 1150 2984; x_wconf 84' lang='lat' dir='ltr'><strong>etiam</strong></span> 
     </span>
     <span class='ocr_line' id='line_1_35' title="bbox 156 3005 1152 3077; baseline -0.005 -11"><span class='ocrx_word' id='word_1_298' title='bbox 156 3009 282 3067; x_wconf 85' lang='lat' dir='ltr'><strong>dedendi</strong></span> <span class='ocrx_word' id='word_1_299' title='bbox 298 3010 418 3066; x_wconf 83' lang='lat' dir='ltr'><strong>luissent</strong></span> <span class='ocrx_word' id='word_1_300' title='bbox 431 3022 646 3068; x_wconf 83' lang='lat' dir='ltr'><strong>conservatores</strong></span> <span class='ocrx_word' id='word_1_301' title='bbox 660 3006 779 3077; x_wconf 88' lang='lat' dir='ltr'><strong>domini,</strong></span> <span class='ocrx_word' id='word_1_302' title='bbox 790 3006 898 3062; x_wconf 88' lang='lat' dir='ltr'><strong>ultores</strong></span> <span class='ocrx_word' id='word_1_303' title='bbox 911 3005 1039 3075; x_wconf 88' lang='lat' dir='ltr'><strong>sceleris,</strong></span> <span class='ocrx_word' id='word_1_304' title='bbox 1054 3006 1152 3062; x_wconf 90' lang='lat' dir='ltr'><strong>delen·</strong></span> 
     </span>
     <span class='ocr_line' id='line_1_36' title="bbox 157 3082 1152 3158; baseline -0.004 -13"><span class='ocrx_word' id='word_1_305' title='bbox 157 3108 236 3145; x_wconf 91' lang='lat' dir='ltr'><strong>sores</strong></span> <span class='ocrx_word' id='word_1_306' title='bbox 249 3089 339 3145; x_wconf 87' lang='lat' dir='ltr'><strong>necis.</strong></span> <span class='ocrx_word' id='word_1_307' title='bbox 382 3087 441 3145; x_wconf 91' lang='lat' dir='ltr'><strong>Hic</strong></span> <span class='ocrx_word' id='word_1_308' title='bbox 456 3086 523 3146; x_wconf 80' lang='lat' dir='ltr'><strong>verb</strong></span> <span class='ocrx_word' id='word_1_309' title='bbox 538 3088 609 3146; x_wconf 92' lang='lat' dir='ltr'><strong>nihil</strong></span> <span class='ocrx_word' id='word_1_310' title='bbox 633 3087 720 3145; x_wconf 87' lang='lat' dir='ltr'><strong>habet</strong></span> <span class='ocrx_word' id='word_1_311' title='bbox 741 3085 772 3142; x_wconf 88' lang='lat' dir='ltr'><strong>in</strong></span> <span class='ocrx_word' id='word_1_312' title='bbox 794 3084 839 3141; x_wconf 91' lang='lat' dir='ltr'><strong>bis</strong></span> <span class='ocrx_word' id='word_1_313' title='bbox 857 3083 950 3154; x_wconf 88' lang='lat' dir='ltr'><strong>malis,</strong></span> <span class='ocrx_word' id='word_1_314' title='bbox 965 3084 1041 3158; x_wconf 89' lang='lat' dir='ltr'><strong>quod</strong></span> <span class='ocrx_word' id='word_1_315' title='bbox 1057 3082 1152 3141; x_wconf 79' lang='lat' dir='ltr'><strong>ninus</strong></span> 
     </span>
     <span class='ocr_line' id='line_1_37' title="bbox 157 3163 1207 3242; baseline -0.005 -19"><span class='ocrx_word' id='word_1_316' title='bbox 157 3166 277 3225; x_wconf 72' lang='lat' dir='ltr'><strong>moleste</strong></span> <span class='ocrx_word' id='word_1_317' title='bbox 304 3166 600 3242; x_wconf 76' lang='lat' dir='ltr'><strong>lerat,qudn1‚etiam</strong></span> <span class='ocrx_word' id='word_1_318' title='bbox 622 3166 646 3223; x_wconf 89' lang='lat' dir='ltr'><strong>si</strong></span> <span class='ocrx_word' id='word_1_319' title='bbox 667 3164 737 3239; x_wconf 90' lang='lat' dir='ltr'><strong>quid</strong></span> <span class='ocrx_word' id='word_1_320' title='bbox 759 3163 812 3240; x_wconf 89' lang='lat' dir='ltr'><strong>ipsi</strong></span> <span class='ocrx_word' id='word_1_321' title='bbox 834 3163 960 3235; x_wconf 90' lang='lat' dir='ltr'><strong>accidat,</strong></span> <span class='ocrx_word' id='word_1_322' title='bbox 974 3182 1038 3221; x_wconf 86' lang='lat' dir='ltr'><strong>esse</strong></span> <span class='ocrx_word' id='word_1_323' title='bbox 1053 3172 1152 3219; x_wconf 86' lang='lat' dir='ltr'><strong>tamen</strong></span> <span class='ocrx_word' id='word_1_324' title='bbox 1170 3165 1207 3219; x_wconf 82' lang='lat'><strong>35</strong></span> 
     </span>
     <span class='ocr_line' id='line_1_38' title="bbox 158 3246 725 3323; baseline -0.005 -20"><span class='ocrx_word' id='word_1_325' title='bbox 158 3246 214 3303; x_wconf 89' lang='lat' dir='ltr'><strong>illis</strong></span> <span class='ocrx_word' id='word_1_326' title='bbox 229 3246 363 3304; x_wconf 90' lang='lat' dir='ltr'><strong>meritum</strong></span> <span class='ocrx_word' id='word_1_327' title='bbox 378 3246 526 3321; x_wconf 83' lang='lat' dir='ltr'><strong>praemium</strong></span> <span class='ocrx_word' id='word_1_328' title='bbox 541 3246 725 3323; x_wconf 90' lang='lat' dir='ltr'><strong>persolutum.</strong></span> 
     </span>
    </p>

    <p class='ocr_par' dir='ltr' id='par_1_5' title="bbox 78 3320 1252 3957">
     <span class='ocr_line' id='line_1_39' title="bbox 198 3320 1153 3402; baseline -0.003 -21"><span class='ocrx_word' id='word_1_329' title='bbox 198 3325 257 3381; x_wconf 87' lang='lat' dir='ltr'><strong>Sed</strong></span> <span class='ocrx_word' id='word_1_330' title='bbox 271 3326 444 3401; x_wconf 79' lang='lat' dir='ltr'><strong>quaestiones</strong></span> <span class='ocrx_word' id='word_1_331' title='bbox 458 3336 562 3402; x_wconf 84' lang='lat' dir='ltr'><strong>urgent</strong></span> <span class='ocrx_word' id='word_1_332' title='bbox 583 3324 734 3395; x_wconf 83' lang='lat' dir='ltr'><strong>Milonem,</strong></span> <span class='ocrx_word' id='word_1_333' title='bbox 748 3342 812 3399; x_wconf 83' lang='lat' dir='ltr'><strong>quae</strong></span> <span class='ocrx_word' id='word_1_334' title='bbox 825 3333 893 3379; x_wconf 89' lang='lat' dir='ltr'><strong>sunt</strong></span> <span class='ocrx_word' id='word_1_335' title='bbox 906 3322 1012 3380; x_wconf 79' lang='lat' dir='ltr'><strong>habite</strong></span> <span class='ocrx_word' id='word_1_336' title='bbox 1026 3340 1106 3380; x_wconf 90' lang='lat' dir='ltr'><strong>nunc</strong></span> <span class='ocrx_word' id='word_1_337' title='bbox 1123 3320 1153 3378; x_wconf 89' lang='lat' dir='ltr'><strong>iu</strong></span> 
     </span>
     <span class='ocr_line' id='line_1_40' title="bbox 159 3399 1152 3480; baseline -0.004 -19"><span class='ocrx_word' id='word_1_338' title='bbox 159 3404 231 3461; x_wconf 87' lang='lat' dir='ltr'><strong>atrio</strong></span> <span class='ocrx_word' id='word_1_339' title='bbox 245 3404 410 3461; x_wconf 88' lang='lat' dir='ltr'><strong>Libertatis.</strong></span> <span class='ocrx_word' id='word_1_340' title='bbox 451 3405 638 3466; x_wconf 80' lang='lat' dir='ltr'><strong>Quibusnam</strong></span> <span class='ocrx_word' id='word_1_341' title='bbox 653 3404 690 3461; x_wconf 89' lang='lat' dir='ltr'><strong>de</strong></span> <span class='ocrx_word' id='word_1_342' title='bbox 701 3404 810 3461; x_wconf 82' lang='lat' dir='ltr'><strong>servisl</strong></span> <span class='ocrx_word' id='word_1_343' title='bbox 830 3404 935 3480; x_wconf 87' lang='lat' dir='ltr'><strong>rogasl</strong></span> <span class='ocrx_word' id='word_1_344' title='bbox 956 3403 992 3458; x_wconf 87' lang='lat' dir='ltr'><strong>de</strong></span> <span class='ocrx_word' id='word_1_345' title='bbox 1003 3401 1035 3458; x_wconf 84' lang='grc' dir='ltr'><strong>Ρ.</strong></span> <span class='ocrx_word' id='word_1_346' title='bbox 1047 3399 1152 3457; x_wconf 90' lang='lat' dir='ltr'><strong>Clodii.</strong></span> 
     </span>
     <span class='ocr_line' id='line_1_41' title="bbox 156 3478 1152 3560; baseline -0.01 -15"><span class='ocrx_word' id='word_1_347' title='bbox 156 3483 236 3545; x_wconf 79' lang='lat' dir='ltr'><strong>Quis</strong></span> <span class='ocrx_word' id='word_1_348' title='bbox 269 3504 318 3541; x_wconf 87' lang='lat' dir='ltr'><strong>eos</strong></span> <span class='ocrx_word' id='word_1_349' title='bbox 351 3484 524 3559; x_wconf 85' lang='lat' dir='ltr'><strong>postulavitl</strong></span> <span class='ocrx_word' id='word_1_350' title='bbox 566 3484 685 3560; x_wconf 87' lang='lat' dir='ltr'><strong>Appius.</strong></span> <span class='ocrx_word' id='word_1_351' title='bbox 726 3482 806 3544; x_wconf 78' lang='lat' dir='ltr'><strong>Quis</strong></span> <span class='ocrx_word' id='word_1_352' title='bbox 835 3481 990 3558; x_wconf 80' lang='lat' dir='ltr'><strong>produxitl</strong></span> <span class='ocrx_word' id='word_1_353' title='bbox 1032 3478 1152 3555; x_wconf 80' lang='lat' dir='ltr'><strong>Appius.</strong></span> 
     </span>
     <span class='ocr_line' id='line_1_42' title="bbox 158 3556 1209 3640; baseline -0.006 -21"><span class='ocrx_word' id='word_1_354' title='bbox 158 3561 264 3620; x_wconf 84' lang='lat' dir='ltr'><strong>Undel</strong></span> <span class='ocrx_word' id='word_1_355' title='bbox 294 3564 331 3619; x_wconf 89' lang='lat' dir='ltr'><strong>ab</strong></span> <span class='ocrx_word' id='word_1_356' title='bbox 353 3564 456 3640; x_wconf 86' lang='lat' dir='ltr'><strong>Appio.</strong></span> <span class='ocrx_word' id='word_1_357' title='bbox 499 3563 548 3620; x_wconf 91' lang='lat' dir='ltr'><strong>Dii</strong></span> <span class='ocrx_word' id='word_1_358' title='bbox 563 3562 647 3621; x_wconf 83' lang='lat' dir='ltr'><strong>boul!</strong></span> <span class='ocrx_word' id='word_1_359' title='bbox 673 3562 742 3638; x_wconf 88' lang='lat' dir='ltr'><strong>quid</strong></span> <span class='ocrx_word' id='word_1_360' title='bbox 756 3571 849 3637; x_wconf 90' lang='lat' dir='ltr'><strong>potest</strong></span> <span class='ocrx_word' id='word_1_361' title='bbox 863 3560 909 3636; x_wconf 85' lang='lat' dir='ltr'><strong>agi</strong></span> <span class='ocrx_word' id='word_1_362' title='bbox 925 3558 1073 3617; x_wconf 87' lang='lat' dir='ltr'><strong>severiusl</strong></span> <span class='ocrx_word' id='word_1_363' title='bbox 1108 3558 1154 3615; x_wconf 92' lang='lat' dir='ltr'><strong>De</strong></span> <span class='ocrx_word' id='word_1_364' title='bbox 1172 3556 1209 3611; x_wconf 82' lang='grc'><strong>40</strong></span> 
     </span>
     <span class='ocr_line' id='line_1_43' title="bbox 158 3636 1155 3717; baseline -0.004 -18"><span class='ocrx_word' id='word_1_365' title='bbox 158 3642 248 3699; x_wconf 78' lang='lat' dir='ltr'><strong>servis</strong></span> <span class='ocrx_word' id='word_1_366' title='bbox 261 3642 342 3699; x_wconf 87' lang='lat' dir='ltr'><strong>nulla</strong></span> <span class='ocrx_word' id='word_1_367' title='bbox 355 3642 475 3717; x_wconf 74' lang='lat' dir='ltr'><strong>quaestio</strong></span> <span class='ocrx_word' id='word_1_368' title='bbox 496 3652 540 3699; x_wconf 88' lang='lat' dir='ltr'><strong>est</strong></span> <span class='ocrx_word' id='word_1_369' title='bbox 558 3642 588 3699; x_wconf 92' lang='lat' dir='ltr'><strong>in</strong></span> <span class='ocrx_word' id='word_1_370' title='bbox 610 3642 769 3711; x_wconf 93' lang='lat' dir='ltr'><strong>dominum,</strong></span> <span class='ocrx_word' id='word_1_371' title='bbox 784 3640 840 3697; x_wconf 88' lang='lat' dir='ltr'><strong>nisi</strong></span> <span class='ocrx_word' id='word_1_372' title='bbox 862 3641 898 3696; x_wconf 91' lang='lat' dir='ltr'><strong>de</strong></span> <span class='ocrx_word' id='word_1_373' title='bbox 918 3640 1041 3708; x_wconf 90' lang='lat' dir='ltr'><strong>incestu,</strong></span> <span class='ocrx_word' id='word_1_374' title='bbox 1055 3647 1088 3694; x_wconf 91' lang='lat' dir='ltr'><strong>ut</strong></span> <span class='ocrx_word' id='word_1_375' title='bbox 1101 3636 1155 3695; x_wconf 87' lang='lat' dir='ltr'><strong>fuit</strong></span> 
     </span>
     <span class='ocr_line' id='line_1_44' title="bbox 78 3715 1252 3794; baseline -0.004 -16"><span class='ocrx_word' id='word_1_376' title='bbox 78 3741 82 3750; x_wconf 94' lang='lat'>·</span> <span class='ocrx_word' id='word_1_377' title='bbox 159 3720 189 3778; x_wconf 91' lang='lat' dir='ltr'><strong>in</strong></span> <span class='ocrx_word' id='word_1_378' title='bbox 203 3721 350 3778; x_wconf 85' lang='lat' dir='ltr'><strong>Clodium.</strong></span> <span class='ocrx_word' id='word_1_379' title='bbox 393 3720 526 3779; x_wconf 77' lang='lat' dir='ltr'><strong>ProxImd</strong></span> <span class='ocrx_word' id='word_1_380' title='bbox 546 3722 624 3779; x_wconf 90' lang='lat' dir='ltr'><strong>Deos</strong></span> <span class='ocrx_word' id='word_1_381' title='bbox 647 3720 772 3777; x_wconf 89' lang='lat' dir='ltr'><strong>accessit</strong></span> <span class='ocrx_word' id='word_1_382' title='bbox 794 3719 925 3789; x_wconf 88' lang='lat' dir='ltr'><strong>Clodius,</strong></span> <span class='ocrx_word' id='word_1_383' title='bbox 939 3716 1055 3794; x_wconf 78' lang='lat' dir='ltr'><strong>propius</strong></span> <span class='ocrx_word' id='word_1_384' title='bbox 1068 3715 1155 3792; x_wconf 78' lang='lat' dir='ltr'><strong>qudrn</strong></span> <span class='ocrx_word' id='word_1_385' title='bbox 1249 3749 1252 3753; x_wconf 93' lang='lat'>·</span> 
     </span>
     <span class='ocr_line' id='line_1_45' title="bbox 159 3797 1155 3877; baseline -0.001 -21"><span class='ocrx_word' id='word_1_386' title='bbox 159 3809 231 3871; x_wconf 88' lang='lat' dir='ltr'><strong>turn,</strong></span> <span class='ocrx_word' id='word_1_387' title='bbox 246 3798 315 3857; x_wconf 84' lang='lat' dir='ltr'><strong>oiim</strong></span> <span class='ocrx_word' id='word_1_388' title='bbox 339 3800 375 3857; x_wconf 90' lang='lat' dir='ltr'><strong>ad</strong></span> <span class='ocrx_word' id='word_1_389' title='bbox 398 3800 472 3876; x_wconf 88' lang='lat' dir='ltr'><strong>ipsos</strong></span> <span class='ocrx_word' id='word_1_390' title='bbox 493 3800 673 3877; x_wconf 76' lang='lat' dir='ltr'><strong>penetrdrat3</strong></span> <span class='ocrx_word' id='word_1_391' title='bbox 695 3798 779 3875; x_wconf 88' lang='lat' dir='ltr'><strong>cujus</strong></span> <span class='ocrx_word' id='word_1_392' title='bbox 793 3799 829 3855; x_wconf 91' lang='lat' dir='ltr'><strong>de</strong></span> <span class='ocrx_word' id='word_1_393' title='bbox 843 3809 944 3869; x_wconf 90' lang='lat' dir='ltr'><strong>morte,</strong></span> <span class='ocrx_word' id='word_1_394' title='bbox 958 3807 1097 3873; x_wconf 85' lang='lat' dir='ltr'><strong>tanquam</strong></span> <span class='ocrx_word' id='word_1_395' title='bbox 1118 3797 1155 3855; x_wconf 91' lang='lat' dir='ltr'><strong>de</strong></span> 
     </span>
     <span class='ocr_line' id='line_1_46' title="bbox 159 3876 1154 3957; baseline -0.002 -20"><span class='ocrx_word' id='word_1_396' title='bbox 159 3879 341 3939; x_wconf 74' lang='lat' dir='ltr'><strong>ceremoniis</strong></span> <span class='ocrx_word' id='word_1_397' title='bbox 354 3880 478 3951; x_wconf 85' lang='lat' dir='ltr'><strong>violatis,</strong></span> <span class='ocrx_word' id='word_1_398' title='bbox 492 3879 636 3957; x_wconf 71' lang='lat' dir='ltr'><strong>quaeritur.</strong></span> <span class='ocrx_word' id='word_1_399' title='bbox 679 3878 740 3935; x_wconf 87' lang='lat' dir='ltr'><strong>Sed</strong></span> <span class='ocrx_word' id='word_1_400' title='bbox 761 3888 858 3935; x_wconf 89' lang='lat' dir='ltr'><strong>tamen</strong></span> <span class='ocrx_word' id='word_1_401' title='bbox 879 3876 1003 3955; x_wconf 86' lang='lat' dir='ltr'><strong>majores</strong></span> <span class='ocrx_word' id='word_1_402' title='bbox 1020 3876 1110 3937; x_wconf 83' lang='lat' dir='ltr'><strong>nostri</strong></span> <span class='ocrx_word' id='word_1_403' title='bbox 1125 3878 1154 3935; x_wconf 93' lang='lat' dir='ltr'><strong>in</strong></span> 
     </span>
    </p>
   </div>
   <div class='ocr_carea' id='block_1_4' title="bbox 0 0 1410 4425">
    <p class='ocr_par' dir='ltr' id='par_1_6' title="bbox 0 0 1410 4425">
     <span class='ocr_line' id='line_1_47' title="bbox 0 0 1410 4425; baseline 0 0"><span class='ocrx_word' id='word_1_404' title='bbox 0 0 1410 4425; x_wconf 95' lang='lat' dir='ltr'><strong> </strong></span> 
     </span>
    </p>
   </div>
  </div>
 </body>
</html>
