2775 4425
352 374 489 424 ORATIO
512 374 581 424 PRO
603 373 634 424 T.
656 375 772 425 ANNIO
793 373 943 425 MILONE.
1141 375 1195 433 127

146 541 202 580 non
225 519 320 579 soldm
344 519 422 578 suma
440 518 499 595 J'em
520 519 556 576 de
577 516 635 590 illo,
663 518 815 576 sedetiam
838 517 948 589 letitia,
968 515 1132 594 peragravit

145 600 359 670 Quamobrem,
388 597 438 656 ubi
465 617 567 674 corpus
596 599 651 656 hoc
681 599 728 668 sit,
759 599 846 669 non‚”
879 597 981 671 inquit,
1003 597 1140 667 “laboro,

65 751 67 756 ,
147 679 283 754 quoniam
297 678 432 736 omnibus
446 677 475 735 in
489 677 573 734 terris
587 687 616 734 et
626 677 685 754 jam
707 689 846 749 versatur,
860 688 890 736 et
903 697 1016 754 semper
1030 677 1142 734 babita-

149 758 200 828 bit,
215 758 341 816 nominis
355 756 412 814 mei
427 757 545 832 gloria.'’

187 835 336 894 XXXVI.
380 835 455 894 Haec
484 845 515 892 tu
545 854 660 894 mecum
681 854 767 911 saepe,
798 835 844 892 bis
865 836 1048 894 absentibus:
1079 833 1141 905 sed,
1176 847 1195 900 5

148 915 250 972 iisdem
267 915 460 985 audientibus,
475 915 538 972 brec
552 933 606 990 ego
620 925 728 986 tecum,
744 913 825 972 Milo.
868 914 916 974 Te
930 915 1057 990 quidem,
1072 913 1141 970 crim

148 994 203 1052 isto
226 995 322 1052 animo
345 1013 386 1065 es,
410 994 479 1050 satis
501 994 620 1052 laudare
641 1013 698 1052 non
718 1013 850 1070 possum:
872 995 933 1058 sed,
951 992 1009 1069 qud
1023 1006 1067 1050 est
1088 993 1142 1050 ista

147 1073 240 1150 magis
262 1073 361 1132 divina
383 1071 480 1143 virtus,
505 1070 540 1130 eb
566 1072 673 1148 majore
697 1091 714 1130 a
737 1085 766 1132 te
786 1073 884 1131 dolore
904 1073 1031 1131 divellor.
1075 1071 1141 1129 Nec

147 1151 227 1222 verb,
241 1151 265 1210 si
280 1151 350 1209 mihi
366 1151 493 1228 eriperis,
508 1151 618 1228 reliqua
631 1163 674 1210 est
688 1151 738 1209 ills
759 1152 861 1210 saltem
876 1153 912 1210 ad
935 1151 1141 1210 consolandum

146 1232 275 1306 querela,
291 1231 381 1288 uthis
395 1231 480 1288 irasci
495 1231 620 1322 possim,
634 1249 651 1288 a
674 1231 790 1322 quibus·
797 1242 911 1289 tantum
936 1232 1039 1290 vulnus
1060 1248 1143 1287 ucce-
1160 1238 1194 1291 ltl

146 1329 223 1385 pero.
266 1309 335 1368 Non
349 1310 427 1368 enim
443 1309 553 1368 inimici
564 1309 621 1368 mei
632 1310 740 1368 temibi
749 1310 883 1388 eripient,
895 1311 945 1368 sed
956 1308 1140 1378 amicissImi3

147 1409 206 1447 non
233 1387 310 1447 meld
342 1389 496 1463 aliquando
526 1389 562 1446 de
592 1407 639 1448 me
670 1389 777 1460 meriti,
804 1391 855 1448 sed
883 1408 994 1466 semper
1024 1386 1141 1476 optimc.

144 1467 270 1526 Nullum
297 1487 434 1542 unquam,
459 1468 583 1544 judices,
612 1469 683 1526 mibi
712 1479 825 1526 tantum
855 1469 983 1527 dolorem
1010 1464 1142 1537 inuretis,

149 1545 217 1623 (etsi
232 1547 297 1622 quis
309 1556 401 1623 potest
414 1566 477 1604 esse
491 1549 622 1626 tantusl)
639 1549 689 1605 sed
704 1568 742 1606 ne
763 1549 841 1606 hunc
856 1547 999 1637 quidem
992 1563 1095 1623 ipsum,
1110 1554 1142 1602 ut

146 1625 310 1696 obliviscar,
337 1625 436 1716 quanti
457 1645 504 1684 me
524 1645 635 1703 semper
657 1627 792 1686 feceritis.
841 1627 920 1689 Quoe
944 1625 968 1684 si
995 1645 1046 1684 vos
1065 1623 1142 1701 cepit
1161 1621 1194 1676 15

146 1705 262 1795 oblivio,
278 1714 327 1762 eut
341 1705 365 1761 si
387 1704 416 1762 in
437 1723 484 1762 me
505 1704 611 1780 aliquid
632 1705 810 1775 offendistis3
833 1725 956 1764 cernon
971 1705 1000 1763 id
1015 1721 1142 1762 meoce·

146 1784 205 1861 pite
225 1781 321 1860 potius
341 1784 439 1854 luitur,
463 1781 549 1859 qudm
574 1784 715 1843 Milonisl
770 1783 914 1844 Proeclard
936 1785 1013 1842 eninr
1033 1783 1140 1856 virere,

146 1863 171 1920 si
187 1864 255 1938 quid
268 1863 338 1920 mibi
354 1863 493 1920 acciderit
505 1861 595 1939 priris,
610 1862 696 1938 qudm
711 1866 766 1922 boc
779 1874 892 1922 tantum
906 1864 974 1922 mali
989 1863 1095 1922 videro.

186 1943 279 2000 Nunc
302 1961 349 2000 me
370 1961 429 2000 una
449 1942 606 2000 consolatio
626 1953 777 2015 sustentat,
801 1943 879 2020 q'udd
903 1944 966 2012 tibi,
987 1943 1026 2001 T.
1049 1942 1139 2013 Αιιιιί,

147 2023 257 2080 ιιιιΙΙιιιιι
273 2041 291 2078 a
303 2041 350 2079 me
365 2021 478 2091 umoris,
494 2021 605 2079 nullum
625 2023 724 2094 studii,
738 2024 850 2082 nullum
872 2021 1003 2110 pietatis,
1012 1989 1139 2079 officiani
1156 2029 1193 2083 2⁰

146 2101 245 2160 defuit.
301 2101 366 2178 Ego
396 2099 563 2158 inimicitias
591 2103 751 2178 potentium
777 2122 832 2192 pro
861 2111 891 2158 te
912 2100 1053 2177 appetivi:
1084 2119 1142 2176 ego

146 2199 244 2239 meum
261 2199 336 2257 saepe
351 2200 453 2257 corpus
467 2192 496 2239 et
506 2179 593 2239 ritem
603 2181 698 2257 objeci
713 2181 801 2240 armis
814 2180 997 2238 inimicorum
1008 2188 1139 2237 tuorum:

145 2280 200 2337 ego
223 2280 270 2319 me
291 2261 420 2337 plurimis
446 2281 497 2339 pro
522 2271 552 2319 te
572 2261 731 2351 supplicem
763 2260 875 2337 abjeci:
906 2260 990 2329 bone,
1013 2258 1141 2315 fortunas

145 2358 235 2410 meas,
251 2360 286 2397 sc
300 2340 454 2397 liberorum
475 2358 613 2411 meorum,
630 2340 658 2399 in
684 2340 917 2398 communionem
938 2349 1054 2397 tuorum
1069 2347 1140 2394 tem·

144 2438 245 2496 porum
260 2419 385 2477 contuli·
407 2420 461 2477 hoc
462 2419 622 2510 denique'
615 2440 676 2497 ipso
689 2419 747 2491 die,
762 2419 786 2477 si
801 2438 859 2494 qua
873 2418 916 2476 vis
929 2428 973 2476 est
990 2428 1100 2495 parata,
1114 2416 1139 2473 si
1156 2418 1193 2473 25

145 2517 202 2572 qua
222 2498 382 2557 deminutio
405 2498 508 2575 cepitis
529 2498 634 2570 future,
660 2466 792 2575 depos’oo.
840 2498 961 2561 Quid
950 2517 1010 2576 Jam
1031 2498 1139 2556 restatl

145 2573 213 2667 quid
229 2578 322 2635 habco
324 2579 420 2653 ,quod
435 2578 542 2649 dicem,
557 2579 632 2653 quod
647 2579 753 2637 faelem
757 2598 829 2670 ,pro
848 2579 907 2637 tuis
921 2578 951 2637 in
962 2597 1008 2636 me
1019 2576 1138 2649 meritis,

144 2656 201 2713 nisi
223 2667 255 2713 ut
279 2675 343 2713 eam
366 2657 508 2715 fortunam
512 2677 714 2735 ,quecunque
734 2660 789 2717 erit
808 2671 868 2730 tua,
890 2660 996 2716 ducem
1016 2624 1138 2716 meaml

144 2733 212 2793 Non
227 2754 339 2807 meuse,
353 2756 410 2794 non
432 2738 545 2795 abnuo:
567 2757 672 2813 vosque
696 2740 826 2811 obsecro,
847 2705 972 2815 J'irdices,
992 2749 1025 2795 ut
1045 2749 1139 2796 vestre

144 2814 288 2871 beneficia
290 2834 375 2889 ,quae
391 2816 420 2873 in
435 2834 481 2875 me
496 2817 666 2890 contulistis,
682 2819 776 2878 autin
791 2819 876 2909 hujus
889 2818 983 2875 salute
997 2816 1137 2893 augeatis,
1154 2821 1191 2874 30

144 2903 194 2951 sut
209 2892 238 2950 in
254 2893 382 2969 ejusdem
397 2894 485 2954 exitio
497 2916 637 2955 occasura
651 2917 715 2956 esse
728 2896 858 2956 rideatis.

182 2972 348 3030 XXXVII
391 2974 448 3032 His
461 2976 595 3065 lacrymis
609 2997 666 3035 non
680 2986 810 3035 movetur
824 2974 905 3032 Milo
947 2973 1001 3030 Est
1014 2972 1138 3061 quedam

144 3052 308 3109 incredibili
323 3054 423 3111 robore
438 3055 544 3113 enlmi:
566 3056 700 3113 exsilium
725 3054 765 3112 ibi
789 3072 852 3111 esse
866 3062 957 3129 putat,
971 3050 1021 3107 ubi
1042 3048 1139 3106 virtuti

142 3150 200 3189 ιιοιι
215 3132 253 3189 sit
268 3131 370 3191 Iocus:
392 3144 512 3193 mortem
526 3145 635 3192 naturae
658 3134 746 3191 linem
769 3152 842 3202 esse,
857 3152 914 3192 non
928 3147 1051 3206 poenam
1093 3128 1139 3184 Sit

143 3210 236 3267 hic
206 3230 242 3268 ea
257 3222 353 3269 mente
356 3214 433 3287 ,quri
450 3223 610 3271 natusest:
633 3213 702 3289 quid
717 3209 1138 3301 vos,jndicesl·quotandem
1155 3218 1191 3272 35

144 3289 358 3348 enimceritisl
401 3291 572 3350 Memoriam
597 3291 911 3360 Milonisretinebitis;
933 3286 1138 3366 ipsumejicie·

142 3367 201 3425 tisl
223 3379 252 3426 et
267 3370 322 3427 erit
347 3370 460 3447 dignior
475 3371 576 3429 Iocus
570 3391 599 3429 m
622 3372 706 3429 terris
720 3372 814 3442 ullus,
828 3371 878 3448 qui
902 3336 979 3428 Iranc
1002 3368 1136 3425 virtutem

142 3447 278 3523 excipiat,
282 3447 379 3539 qudm
395 3450 452 3521 hic,
468 3450 516 3525 qui
530 3452 714 3526 procreavitl
754 3451 824 3523 Vos,
840 3471 891 3509 vos
912 3448 1031 3526 appello,
1046 3445 1139 3503 fortis·

142 3526 207 3583 simi
236 3527 300 3598 viri,
322 3528 370 3618 qui
401 3497 523 3587 multum
543 3550 599 3619 pro
615 3530 763 3619 republica
784 3530 956 3607 sanguinem
976 3525 1137 3617 effudistis3

142 3625 202 3677 ros,
225 3606 254 3665 in
276 3607 329 3664 viri
350 3618 379 3665 et
400 3608 429 3666 in
451 3608 522 3665 civis
543 3608 642 3666 invicti
666 3611 776 3702 appello
789 3610 926 3687 periculo,
942 3606 1136 3677 centuriones,
1155 3613 1189 3667 to

142 3703 259 3761 vosque,
284 3686 406 3744 milites:
427 3687 508 3745 vobis
529 3708 586 3745 ιιοιι
608 3688 691 3747 modd
714 3689 953 3765 inspectantibus,
977 3684 1136 3743 sedetiam

144 3764 275 3837 armatis,
290 3776 320 3825 et
340 3765 409 3824 huic
426 3767 538 3843 J'ndicio
557 3767 788 3843 presidentibus,
803 3770 866 3825 baec
890 3776 971 3823 tante
991 3766 1081 3823 virtus
1101 3783 1137 3823 ex

142 3843 199 3902 hac
213 3844 285 3903 urbe
299 3845 479 3921 expelleturl
500 3846 757 3905 exterminabiturl
777 3846 966 3925 projicieturl
