2775 4425
218 368 254 425 14
493 363 629 413 ORATIO
654 362 674 411 1.
698 363 735 412 IN
759 363 788 412 1..
806 363 1021 414 CATILINAM.

264 526 321 583 quo
335 507 421 565 etiam
438 507 562 583 aquilam
578 508 654 566 illam
671 517 839 583 argenteam
854 506 953 584 (quam
968 507 1021 565 tibi
1037 527 1071 567 ac
1085 507 1142 566 tuis
1156 509 1250 568 omni·

265 588 319 644 bus
334 587 527 662 perniciosam
541 607 604 645 esse
620 588 736 645 confido
749 600 777 644 et
793 588 935 644 funestam
951 588 1087 658 futuram,
1105 589 1153 646 cui
1168 590 1248 647 domi

265 676 322 723 tuae
337 667 495 725 sacrarium
511 668 653 725 scelerum
668 677 782 724 tuorum
797 667 986 724 constitutum
1002 667 1068 745 luit)
1079 668 1169 724 sciam
1181 688 1248 726 esse

264 745 450 821 praemissam.
492 746 541 804 Tu
552 756 582 805 ut
594 746 643 803 illu
658 745 768 803 diutius
777 765 877 803 carere
891 745 992 821 possis,
1004 766 1089 822 quam
1105 748 1247 819 venerari,

231 828 250 881 5
266 824 301 881 ad
316 825 425 881 caedem
440 826 637 902 proficiscens,
652 826 784 883 solebasl
800 824 911 900 aqu'us
922 825 1060 882 altaribus
1070 844 1147 901 saepe
1160 825 1248 885 istam

265 903 382 980 impiam
397 904 526 963 dextram
542 906 578 961 ad
593 924 697 962 necem
710 904 816 961 civium
828 904 1006 962 transtulisti.

303 982 343 1040 X.
365 982 426 1040 Ibis
440 986 557 1041 tandem
573 984 737 1059 aliquando,
751 980 808 1058 qud
823 993 852 1039 te
870 983 1042 1059 jampridem
1064 992 1114 1040 tua
1128 984 1182 1040 ista
1195 1004 1249 1042 cn·

264 1061 370 1137 piditas
384 1063 531 1121 effraenata
546 1083 580 1120 ac
595 1064 702 1120 luriosa
714 1062 852 1137 rapiebat.
894 1061 999 1137 Neque
1012 1062 1091 1119 enirn
1115 1063 1166 1119 tibi
1182 1064 1247 1121 baec

265 1160 310 1197 res
325 1141 406 1198 affert
421 1142 557 1212 dolorem,
569 1142 619 1199 sed
630 1142 775 1217 quandam
788 1141 987 1198 incredibilem
1002 1141 1192 1216 voluptatem:
1208 1143 1244 1198 ad

216 1222 250 1275 10
266 1221 342 1278 bane
364 1232 392 1277 te
408 1222 563 1278 amentiam
578 1232 680 1278 natura
695 1220 816 1296 peperit,
832 1220 963 1277 voluntas
976 1220 1116 1291 exercuit,
1132 1221 1247 1278 fortuna

265 1300 394 1356 serravit
437 1294 595 1376 Nunquam
609 1312 640 1357 tu
655 1320 713 1357 non
729 1297 814 1356 modb
827 1299 929 1369 otium,
941 1299 992 1355 sed
1013 1318 1050 1355 ne
1066 1266 1171 1356 bellurn
1185 1300 1248 1376 qui·

264 1379 341 1449 dem,
353 1398 409 1437 nrsr
401 1379 561 1437 nefarium
566 1378 756 1455 ,concupisti
798 1377 913 1435 Nactus
921 1397 962 1449 es
974 1397 1010 1434 ex
1020 1378 1150 1453 perditis
1160 1391 1246 1454 atque

266 1458 302 1515 ab
315 1460 394 1516 omni
409 1478 467 1517 non
483 1457 568 1517 modd
583 1459 707 1528 fortuna,
722 1456 923 1515 verumetiam
944 1476 994 1534 spe
1008 1457 1164 1528 derelictis,
1178 1477 1247 1515 con·

265 1537 362 1595 fletam
377 1539 568 1614 improborum
585 1558 712 1595 manum.

217 1616 251 1668 15
305 1616 365 1674 Hic
380 1628 411 1675 tu
425 1619 481 1693 quai
497 1618 595 1675 laetitiri
619 1616 783 1692 perlrndre!
806 1616 909 1692 quibus
932 1615 1046 1691 gaudiis
1070 1614 1244 1673 exsultabis!

264 1696 373 1769 quanta
394 1697 424 1753 in
439 1697 582 1771 voluptate
597 1696 795 1753 bacchabere!
818 1693 897 1765 cdrn,
912 1694 941 1750 in
957 1705 1037 1751 tauto
1051 1714 1171 1751 numero
1183 1709 1245 1752 tuo·

265 1792 328 1829 rum
333 1793 449 1849 neque
464 1775 564 1831 audres
585 1774 676 1831 virum
698 1775 804 1831 bonum
826 1792 1000 1847 quenquam,
1016 1793 1110 1848 neque
1125 1774 1244 1831 ardebis

266 1851 314 1907 Ad
325 1819 410 1939 liujus
420 1852 483 1908 vitre
496 1852 622 1909 studium
634 1851 765 1909 meditati
774 1852 814 1908 illi
823 1863 890 1908 sunt
905 1852 968 1927 (qui
980 1852 1123 1932 feruntur)
1134 1854 1246 1911 labores

265 1929 323 1999 tui;
343 1929 441 2006 jacere
456 1930 546 2002 humi,
562 1951 618 1988 non
634 1929 719 1988 modd
735 1932 770 1987 ad
785 1931 975 1988 obsidendum
991 1942 1131 2027 stuprum,
1146 1929 1245 1989 verbm

213 2014 252 2070 20
267 2008 355 2065 etiarn
371 2010 406 2066 ad
429 1977 546 2067 facinus
562 2011 747 2080 obeundum3
770 2010 897 2107 vigilare,
913 2030 970 2067 uon
991 2010 1084 2067 solum
1108 2011 1143 2067 ad
1158 2011 1246 2067 insid-

268 2087 384 2146 iandum
409 2109 510 2149 sornuo
531 2089 707 2161 maritorum,
729 2109 828 2147 verum
855 2089 942 2147 etiam
971 2090 1053 2147 bonis
1073 2090 1243 2147 occisorum.

266 2167 377 2243 Habes,
392 2170 442 2228 ubi
456 2180 583 2229 ostentes
598 2170 675 2229 illam
690 2170 858 2248 preclaram
875 2180 955 2228 tuam
969 2170 1136 2246 patientium
1152 2169 1244 2240 lamis,

268 2249 391 2325 frigoris,
417 2251 520 2327 inopiae
542 2271 636 2308 rerum
658 2251 807 2322 omnium3
836 2251 941 2326 quibus
966 2263 993 2308 te
1016 2250 1093 2306 brevi
1119 2261 1245 2325 tempore

267 2329 433 2386 confectum
448 2349 510 2387 esse
525 2332 640 2387 senties
683 2330 812 2387 Tantum
824 2330 947 2426 profeci
943 2339 1014 2398 tum,
1027 2328 1093 2385 crim
1107 2340 1135 2384 te
1150 2347 1246 2384 acon·

216 2410 252 2462 25
267 2408 361 2464 sulatu
376 2408 478 2482 repuli,
493 2419 525 2465 ut
545 2409 625 2464 exsul
640 2407 735 2482 potiris
759 2419 870 2465 tentare
873 2405 981 2480 ,quarn
1006 2407 1106 2462 consul
1132 2425 1245 2476 vexare,

266 2485 474 2559 rempublicam
489 2505 603 2561 posses;
627 2498 711 2559 atque
734 2500 765 2540 ut
787 2485 814 2540 id
819 2485 915 2558 ,quod
931 2494 1038 2540 esseta
1059 2493 1087 2539 te
1102 2483 1244 2540 scelerate

267 2573 444 2638 susceptum,
459 2563 641 2620 latrocinium
656 2560 851 2638 potiusquam
867 2562 973 2618 bellurn
987 2560 1191 2618 nominaretur.

307 2640 362 2697 XI.
394 2640 494 2712 Nunc,
510 2652 541 2698 ut
562 2661 578 2698 a
599 2661 655 2712 me,
670 2641 771 2698 Patres
791 2638 966 2716 Conscripti‚
991 2640 1135 2716 quandam
1158 2661 1245 2731 prope

272 2719 378 2795 justam
393 2721 492 2796 patriae
507 2721 715 2796 querinroniam
730 2721 855 2777 detester
875 2739 910 2777 ae
930 2719 1089 2810 deprecer,
1106 2721 1245 2810 percipite

216 2813 252 2867 30
269 2797 392 2879 (queso)
408 2799 571 2876 diligenter,
585 2819 648 2875 quae
663 2801 779 2870 dicam;
801 2811 829 2858 et
843 2818 879 2856 ea
892 2800 1007 2874 penitus
1027 2799 1132 2856 animis
1146 2800 1246 2856 vestris

268 2881 469 2978 mentibqsque
486 2880 628 2938 mandate.
670 2880 799 2948 Etenim,
813 2879 837 2935 si
852 2898 967 2936 mecum
980 2878 1082 2969 patria,
1097 2898 1160 2954 quae
1176 2878 1246 2935 milri

268 2959 325 3017 virt
340 2979 404 3017 mea
419 2958 509 3017 multo
524 2970 566 3016 est
582 2960 683 3032 carior,
699 2960 724 3016 si
738 2970 846 3018 cuncta
860 2958 986 3031 Italia,
964 2978 987 3015 sr
1001 2958 1095 3016 omnis
1109 2958 1247 3034 respubli-

267 3059 303 3097 ca
323 3041 471 3117 loquatur:
494 3047 511 3073 “
524 3039 565 3097 M.
582 3039 663 3098 Tulli
667 3040 757 3116 ,quid
773 3039 855 3116 agisl
876 3050 946 3096 tune
971 3058 1048 3109 eum,
1071 3057 1155 3112 quem
1181 3056 1246 3094 esse

267 3120 377 3177 hostem
393 3120 567 3210 comperisti,
582 3140 666 3195 quem
681 3120 788 3177 ducem
804 3119 870 3176 belli
896 3118 1023 3177 futurum
1047 3118 1138 3208 rides,
1159 3135 1245 3192 quem

215 3210 251 3264 35
266 3199 428 3275 exspectari
441 3199 646 3290 imperatorem
667 3199 696 3256 in
718 3199 821 3256 castris
835 3199 960 3255 hostiurn
982 3197 1082 3267 sentis,
1099 3207 1244 3253 auctorem

267 3278 384 3335 sceleris
387 3277 566 3352 ,principem
581 3278 799 3373 conjurationis,
813 3286 992 3333 evocatorem
1009 3295 1155 3333 servorum
1169 3285 1198 3331 et
1207 3293 1247 3330 cr

215 3418 219 3426 ,
266 3376 343 3415 rrum
354 3356 539 3431 perditorum
549 3374 628 3412 extre
637 3355 766 3430 patiens
777 3365 808 3411 ut
818 3355 868 3410 abs
879 3365 971 3410 tenon
981 3373 1103 3410 emissus
1113 3353 1245 3422 eerbe,

266 3436 339 3494 sed'
333 3435 477 3493 immissus
489 3434 518 3490 in
533 3433 651 3503 Urbem,
666 3452 731 3489 esse
742 3433 895 3489 videaturl
883 3430 1044 3488 INonne
1056 3431 1151 3487 hunc
1145 3451 1173 3487 ιιι
1187 3431 1247 3487 vin·

268 3517 334 3573 cula
348 3513 426 3584 duci,
441 3532 497 3570 non
512 3513 546 3568 ad
559 3523 678 3569 mortem
689 3511 761 3587 rapi,
770 3530 828 3568 non
842 3529 954 3567 summo
965 3509 1106 3585 supplicio
1116 3510 1246 3580 mactari,

155 3641 157 3646 ,
217 3604 251 3658 40
268 3594 441 3670 imperabisl
481 3591 564 3653 Quid
580 3591 696 3648 tandem
712 3590 832 3665 impedit
845 3590 894 3646 tel
916 3609 1015 3646 mosne
1036 3588 1196 3679 majoruml
1219 3599 1248 3645 at

267 3691 394 3748 persaepe
409 3673 496 3730 etiam
510 3671 612 3747 priuati
627 3670 656 3727 iu
669 3671 725 3727 hac
734 3669 884 3745 republrca
892 3687 1071 3743 perniclosos
1084 3669 1162 3726 ciues
1175 3688 1248 3726 mor·

267 3764 295 3808 te
305 3751 482 3808 multarunt:
506 3769 543 3808 an
555 3751 642 3828 leges,
654 3769 718 3840 quae
729 3748 801 3805 de
775 3748 881 3806 crrium
892 3747 1091 3806 Romanorum
1106 3748 1248 3824 supplicio

268 3840 373 3906 rogatae
387 3831 477 3887 suntl
500 3841 528 3887 at
542 3849 689 3921 nunquam
705 3829 734 3886 in
749 3829 805 3886 hac
817 3827 919 3886 urbe''
902 3847 932 3898 ιι,
947 3827 1023 3903 quia
1036 3827 1185 3903 repubIch
1199 3827 1249 3883 de·

268 3909 409 3979 lecerunt,
430 3909 537 3966 civium
549 3909 615 3986 jura
635 3921 800 3967 tenuerunt
843 3908 891 3965 An
915 3907 1052 3964 Invidiam
1073 3905 1248 3983 posteritatis

399 3994 439 4073 Ι
