2775 4425
344 362 481 414 ORATIO
504 363 573 414 PRO
597 364 628 415 Τ.
650 365 766 416 anulo
789 365 939 416 MILONE.
1132 371 1190 430 107

142 509 334 586 prodendum,
348 505 427 584 quaid
444 517 507 568 eret
530 509 652 569 dictator
674 509 799 569 Lanuvii
821 509 909 584 Milo3
931 511 1029 571 Romi
1042 510 1139 572 subito

143 590 204 665 ipse
225 587 373 665 profectus
395 588 488 665 pridie
509 599 562 660 est,
585 599 626 660 ut,
649 601 717 648 ante
740 610 825 649 suum
849 592 980 664 landum,
996 591 1086 668 (quod
1107 612 1139 652 re

144 669 325 726 intellectum
339 669 396 747 est)
422 667 525 726 Miloni
547 669 667 726 iusidias
688 669 852 729 collocaret
894 674 992 748 Atque
1015 683 1056 730 rta
1075 691 1139 748 pro·

145 748 239 805 lectus
266 755 319 818 est,
348 757 379 805 ut
406 747 575 806 concionem
603 749 809 823 turbulentam,
837 751 868 809 iu
892 753 949 826 qui
976 751 1040 828 ejus
1060 752 1138 811 furor

145 827 326 884 desideratus
352 835 405 898 est,
429 846 492 902 que
514 827 562 885 illo
582 826 643 904 ipso
663 829 712 886 die
739 829 838 888 habita
864 841 918 904 est,
945 831 1120 906 relinqueret
1127 853 1136 903 ;
1167 837 1187 891 5

144 924 241 980 quam,
257 905 314 962 nisi
332 905 413 964 obire
431 906 568 964 facinoris
589 907 686 965 locum
709 917 879 986 tempusque
900 911 1045 982 voluisset,
1065 929 1138 971 nun·

143 1003 230 1060 quam
252 985 422 1059 reliquisset.

183 1063 259 1122 Milo
280 1074 386 1136 autem,
409 1062 478 1123 ebur
501 1063 530 1124 in
552 1076 655 1124 senatu
677 1065 827 1128 fuisseteo
849 1068 897 1128 die
910 1069 1004 1144 quoad
1018 1079 1137 1128 senatus

142 1143 280 1200 dimissus
301 1152 354 1214 est,
369 1144 485 1202 domum
507 1146 604 1204 venit:
626 1147 741 1206 calceos
763 1157 793 1206 et
813 1148 984 1208 vestimenta
996 1148 1134 1207 mutant:

141 1223 296 1298 paulisper,
312 1222 380 1279 dum
395 1242 426 1281 se
448 1242 517 1282 uxor
543 1223 589 1304 (ut
609 1225 655 1306 fit)
680 1245 744 1284 eom
765 1239 836 1299 arat,
860 1237 1053 1287 commoratus
1071 1238 1134 1287 est:
1152 1229 1185 1284 10

142 1301 249 1360 deinde
272 1303 417 1378 profectus
438 1313 482 1362 est
504 1303 533 1361 id
556 1305 702 1382 temporis,
725 1247 793 1364 aba]
814 1305 873 1382 jam
896 1307 1027 1378 Clodius,
1049 1307 1136 1383 siqui·

142 1381 209 1438 dem
232 1401 268 1438 eo
293 1381 341 1440 die
369 1381 494 1440 Romam
517 1393 653 1442 venturus
676 1395 749 1456 erat,
773 1385 868 1443 redire
887 1387 1034 1463 potuisset.
1075 1385 1136 1442 Ob·

140 1459 219 1516 viam
234 1460 266 1517 lit
286 1460 313 1518 ei
337 1461 467 1533 Clodius,
489 1463 648 1540 expeditus,
664 1464 693 1522 in
716 1483 800 1539 equo,
824 1464 904 1522 nulla
927 1465 1027 1536 rhedi,
1049 1465 1136 1522 nullis

142 1539 366 1616 impedimentis,
381 1540 467 1598 nullis
480 1541 591 1600 Grecis
605 1543 771 1614 comitibus,
780 1543 946 1613 utsolebst3
960 1544 1023 1602 siue
1036 1563 1135 1613 uxore,

141 1619 219 1692 quod
243 1637 391 1694 uunquam
416 1620 493 1679 lere:
516 1620 584 1679 crim
609 1622 658 1680 hic
680 1622 839 1694 insidiator,
863 1623 913 1698 qui
935 1623 988 1681 iter
1013 1623 1083 1680 illud
1098 1623 1135 1680 ad
1151 1621 1185 1674 15

142 1698 252 1755 medem
268 1698 431 1758 faciendam
446 1701 619 1777 apparasset,
634 1721 703 1760 cum
716 1721 804 1760 uxore
824 1703 975 1761 veheretur
989 1702 1018 1760 in
1033 1703 1133 1774 rheda,

141 1778 312 1852 penulatos,
343 1797 449 1855 magno
479 1779 694 1856 impedimento,
725 1800 762 1840 sc
787 1781 922 1840 muliebri
949 1792 980 1841 et
1008 1782 1135 1842 delicato

142 1856 313 1914 ancillarum
327 1877 536 1935 puerorumque
551 1861 698 1918 comitatu.

181 1935 231 1993 Fit
244 1935 358 1995 obviem
373 1938 477 1998 Clodio
491 1950 557 1997 ante
578 1940 699 1998 fundum
718 1939 791 2017 ejus,
805 1940 875 2000 hort
889 1939 949 2000 lere
964 1941 1131 2012 undecimi,

141 2025 263 2074 autnon
277 2015 368 2074 multd
383 2037 476 2076 secus.
518 2019 623 2077 Statim
645 2021 806 2096 complures
827 2039 896 2078 cum
915 2020 982 2078 telis
1002 2020 1031 2078 in
1054 2021 1132 2079 hunc
1146 2026 1183 2080 20

140 2094 253 2152 faciunt
267 2096 303 2153 de
317 2096 381 2154 loco
394 2097 540 2174 superiore
563 2098 718 2175 impetum:
740 2099 853 2156 adversi
870 2099 1035 2157 rhedarium
1055 2100 1133 2157 occi·

139 2175 221 2233 dunt.
265 2173 342 2234 cnm
367 2187 462 2235 autem
484 2177 533 2237 bic
554 2179 591 2237 de
613 2179 714 2249 rhedis,
735 2178 843 2254 rejecti
865 2177 990 2255 paenula,
1004 2177 1134 2235 desiluis-

139 2266 193 2325 set,
209 2275 299 2330 seque
314 2256 374 2314 acri
389 2256 485 2315 animo
498 2258 683 2328 defenderem
706 2258 758 2328 illi,
773 2258 822 2333 qui
842 2267 926 2315 erent
939 2276 1007 2315 cum
1021 2257 1133 2328 Clodio,

139 2335 245 2411 gladiis
259 2335 382 2407 eductio,
396 2336 499 2413 partim
514 2356 663 2396 recurrere
677 2338 714 2394 ad
735 2338 864 2409 rhedam,
879 2347 912 2394 ut
925 2354 943 2395 e
956 2348 1038 2413 tergo
1050 2336 1135 2394 lllilo·

140 2433 208 2471 nem
228 2415 426 2486 adorirentur;
447 2416 561 2492 partim,
576 2415 653 2491 quaid
678 2418 758 2475 hunc
768 2417 827 2493 jam
850 2416 1034 2476 intersectum
1053 2428 1133 2493 puta·
1144 2418 1181 2472 25

139 2503 215 2565 rent,
230 2496 341 2552 caedere
356 2495 498 2572 incipiunt
511 2496 573 2572 ejus
587 2516 692 2568 servos,
708 2496 757 2571 qui
770 2494 836 2575 prist
848 2507 947 2555 erant:
969 2496 1131 2572 exquibus,

139 2574 188 2648 qui
217 2574 314 2632 animo
340 2574 419 2633 lideli
447 2574 476 2632 in
503 2576 651 2634 dominum
672 2588 703 2634 et
722 2578 855 2653 presenti
876 2579 1001 2650 luerunt,
1027 2577 1131 2654 partim

138 2652 229 2709 occisi
254 2664 330 2725 sunt,
357 2654 472 2730 partim,
497 2653 564 2712 clim
590 2657 626 2713 ad
650 2657 769 2715 rhedam
795 2658 918 2735 pugnari
941 2656 1081 2727 viderent,
1101 2667 1131 2715 et

139 2732 261 2790 domino
295 2752 465 2792 succurrere
505 2734 732 2811 prohiberentur,
767 2736 964 2813 Milouemque
1000 2738 1129 2795 occisum

138 2811 227 2868 etiam
242 2831 278 2869 ex
292 2810 354 2888 ipso
373 2813 477 2871 Clodio
498 2815 640 2887 audirent,
655 2816 738 2873 etita
758 2836 822 2875 esse
841 2826 985 2892 putarent,
1000 2816 1130 2872 feceruut
1143 2815 1179 2869 ³0

138 2890 169 2946 id
199 2888 287 2966 [servi
315 2890 458 2972 Milonis,]
489 2892 599 2969 (dicam
623 2896 712 2964 enim,
738 2915 796 2953 non
824 2894 973 2952 derivandi
1001 2894 1131 2949 criminis

138 2970 239 3041 causa,
255 2971 306 3029 sed
321 2981 351 3028 ut
366 2971 474 3029 sactum
498 2974 555 3051 est)
580 2994 674 3047 neque
699 2973 868 3047 imperante,
892 2989 986 3046 neque
1009 2972 1130 3041 sciente,

137 3068 234 3123 neque
247 3061 388 3125 praesente
401 3052 527 3124 domino,
541 3053 617 3127 quod
642 3070 709 3109 suos
731 3050 853 3126 quisque
874 3068 970 3107 servos
984 3049 1014 3105 in
1028 3049 1079 3105 tali
1100 3068 1131 3106 re

138 3127 237 3186 facere
252 3130 395 3188 voluisset.

177 3207 234 3266 Xl.
270 3208 354 3281 Haec,
370 3210 446 3268 sicut
463 3210 590 3287 exposui,
614 3208 654 3267 ita
677 3218 759 3285 gesta
772 3218 849 3280 sunt,
860 3206 993 3285 judices:
1015 3205 1131 3264 insidia·
1143 3206 1179 3259 35

136 3297 180 3345 tor
195 3298 354 3363 superatus,
369 3289 397 3346 vi
410 3290 487 3348 victa
501 3291 553 3361 vis,
567 3290 611 3348 vel
622 3286 717 3367 potiris
736 3308 870 3365 oppressa
889 3288 994 3346 virtute
1008 3286 1132 3343 audacia

136 3377 189 3425 est.
233 3367 315 3425 Nihil
337 3369 412 3440 dico,
427 3370 496 3445 quid
518 3370 681 3445 respublica
703 3368 935 3438 consecuta·sit;
957 3367 1040 3437 nihil,
1061 3365 1131 3440 quid

136 3466 203 3517 vos;
225 3447 309 3517 nihil,
323 3449 392 3523 quid
406 3468 507 3507 omnes
521 3448 605 3506 boni:
627 3448 699 3506 nihil
714 3446 784 3506 saud
800 3448 829 3506 id
849 3448 938 3525 prosit
952 3445 1066 3523 Miloni,
1081 3444 1131 3518 qui

137 3527 192 3584 hoc
208 3527 266 3585 fato
279 3538 364 3602 natus
377 3538 430 3600 est,
446 3538 478 3585 ut
491 3548 528 3586 ne
543 3547 574 3586 se
587 3528 704 3603 quidem
718 3548 831 3586 servare
844 3527 976 3604 potuerit,
988 3524 1058 3599 quin
1072 3524 1130 3580 und

136 3606 345 3682 rempublicam
368 3627 474 3683 vosque
496 3616 629 3665 servaret.
672 3608 706 3664 Si
727 3608 757 3665 id
776 3608 841 3684 jure
862 3626 919 3664 non
933 3614 1037 3683 posset,
1058 3602 1129 3693 nihil
1142 3618 1179 3670 4ο

136 3686 240 3757 habeo,
255 3686 330 3762 quod
353 3686 515 3745 delendam.
558 3688 611 3745 Sin
635 3688 691 3744 hoc
714 3698 743 3744 et
760 3689 832 3745 ratio
846 3686 948 3756 doctis,
963 3694 992 3742 et
1006 3702 1131 3739 necessr-

136 3775 182 3821 tas
196 3766 336 3838 barbaris,
351 3776 380 3825 et
394 3784 455 3825 mos
469 3766 613 3843 gentibus,
627 3775 656 3823 et
671 3766 739 3823 feris
752 3776 856 3823 natura
866 3766 937 3840 ipsa,
947 3761 1129 3841 prescripsit,

137 3854 169 3901 ut
181 3864 296 3903 omnem
311 3864 424 3923 semper
445 3845 513 3916 vim,
528 3846 701 3920 quicunque
722 3865 776 3921 ope
798 3854 924 3923 possent,
939 3863 957 3902 a
970 3860 1097 3919 corpore,
1113 3860 1130 3900 a
