2775 4425
376 380 512 431 ORATIO
534 380 605 430 PRO
628 378 725 431 Lucu
747 380 914 433 ursulam.
1144 385 1187 444 45

143 544 243 603 regno,
265 524 401 600 atquein
422 524 522 582 vestris
541 525 741 602 vectigalibus,
761 526 817 583 hoc
837 534 891 596 est,
912 524 941 582 in
957 525 1036 583 Asia
1055 525 1132 599 luce,

143 605 260 662 versari.
304 604 419 660 Etenim
435 605 529 661 adhuc
544 604 584 661 ita
598 604 682 661 vestri
698 624 764 661 cum
780 605 829 662 illo
841 624 909 681 rege
924 607 1131 663 contenderunt

144 682 339 759 imperatores,
354 692 385 739 ut
400 684 435 739 ab
450 683 498 740 illo
512 683 637 759 insignia
651 684 786 753 victoriae,
798 702 854 741 non
869 684 1026 754 victoriam,
1041 704 1134 760 repor-

144 770 246 819 tarent.
288 761 470 836 Trimpharit
498 760 531 818 L.
554 762 645 831 Sulla,
667 762 851 837 triumphavit
880 762 914 818 L.
942 760 1067 819 Murena
1096 764 1133 820 de

145 838 325 910 Mithridate,
340 841 397 897 duo
411 840 554 897 fortissimi
569 840 632 910 viri,
646 849 675 897 et
689 840 792 897 summi
808 841 1007 916 imperatores:
1028 843 1079 898 sed
1094 842 1134 898 ita
1167 846 1186 899 5

145 919 365 994 triumpharunt,
381 928 412 974 ut
433 918 480 976 ille
500 918 598 993 pulsus
619 929 824 994 superatusque
839 931 979 996 regnaret
1021 920 1134 977 Verun-

144 1006 241 1054 tamen
263 997 319 1054 illis
338 997 555 1074 imperatoribus
575 998 638 1054 laus
657 1006 702 1055 est
721 998 884 1069 tribuenda,
898 997 975 1074 qudd
994 1010 1132 1075 egerunt;

144 1076 230 1132 venia
250 1076 355 1145 danda,
368 1074 446 1150 qudd
467 1075 660 1149 reliquerunt3
680 1086 830 1152 propterea
848 1075 926 1152 qudd
947 1077 984 1134 ab
1003 1096 1039 1135 eo
1059 1078 1134 1137 bello

145 1154 258 1211 Sullam
272 1154 302 1211 in
317 1153 431 1211 Italiam
445 1154 617 1230 respublica,
632 1154 786 1212 Murenam
801 1156 893 1227 Sulla,
907 1156 1060 1213 revocavit

183 1232 238 1290 IV.
280 1231 465 1290 Mithridates
492 1242 587 1289 autern
607 1252 692 1291 omne
713 1233 854 1308 reliquum
874 1244 997 1310 tempus,
1017 1254 1075 1293 non
1096 1234 1133 1291 ad
1152 1235 1185 1287 1⁰

144 1311 316 1369 oblivionem
327 1311 430 1369 veteris
445 1311 522 1382 belli,
537 1312 587 1368 sed
603 1313 638 1369 ad
653 1313 894 1388 comparationem
907 1314 983 1383 novi,
994 1313 1132 1371 contulit:

144 1390 193 1465 qui
207 1400 390 1465 posteaquam
406 1391 544 1449 maximas
559 1390 730 1447 aedihcdsset
742 1391 927 1465 ornassetque
941 1391 1066 1459 classes;
1087 1411 1134 1447 ex-

144 1469 309 1543 ercitusque
335 1488 515 1545 permagnos,
535 1469 756 1544 quibuscunque
776 1488 811 1525 er
831 1469 966 1545 gentibus
985 1470 1133 1544 potuisset,

144 1548 348 1621 comparasset,
365 1556 394 1605 et
414 1566 445 1604 se
466 1548 647 1623 Bosporanis,
662 1547 791 1604 finitimis
811 1548 879 1616 suis,
902 1548 1007 1604 bellurn
1029 1548 1134 1605 inferre

144 1626 324 1695 simulassem
346 1644 435 1700 usque
457 1626 486 1683 in
508 1626 679 1701 Hispaniam
700 1626 810 1702 legatos
830 1624 989 1683 Ecbatanis
1007 1625 1084 1682 misit
1098 1626 1133 1682 ad
1154 1618 1187 1672 15

145 1724 194 1761 eos
208 1704 307 1774 duces,
322 1705 494 1779 quibuscum
515 1716 575 1761 tum
597 1705 704 1761 bellum
718 1704 906 1781 gerebamus:
927 1714 969 1774 ut,
984 1703 1051 1761 crim
1066 1706 1135 1762 duo-

144 1783 249 1839 busin
271 1783 342 1840 locis
365 1782 596 1859 disjunctissimis
627 1782 808 1858 maximeque
838 1783 968 1855 dirersis,
989 1802 1047 1842 uno
1067 1802 1134 1841 con·

143 1862 219 1932 silio,
236 1862 342 1918 abinis
356 1862 478 1919 hostium
500 1862 589 1937 copiis
610 1862 716 1919 bellum
737 1862 813 1919 terrd
833 1862 961 1938 marique
975 1874 1131 1940 gereretur,

144 1958 204 2011 vos,
220 1940 336 2017 ancipiti
352 1940 535 1998 contentione
549 1940 681 2011 districti,
696 1942 733 1998 de
747 1941 866 2017 imperio
878 1942 1063 1999 dimicaretis.

186 2020 244 2075 Sed
258 2028 354 2077 tamen
370 2019 486 2077 alterius
499 2019 586 2095 partis
599 2020 769 2095 periculum,
781 2020 953 2077 Sertoriana
967 2033 1052 2095 atque
1066 2020 1133 2078 llis·
1148 2026 1186 2082 20

144 2098 301 2173 paniensis,
322 2116 385 2172 quae
406 2098 496 2155 multo
517 2098 580 2174 plus
607 2098 779 2155 firmamenti
807 2116 842 2155 ac
869 2098 978 2155 roboris
998 2099 1132 2169 habebat,

145 2177 201 2234 Cn.
223 2177 351 2253 Pompeii
372 2177 469 2236 divino
495 2176 615 2235 consilio
636 2194 671 2234 ac
692 2176 832 2252 singulari
852 2176 957 2233 virtute
983 2176 1133 2252 depulsum

144 2267 208 2313 est:
236 2256 266 2312 in
287 2256 376 2313 altera
396 2267 476 2332 parte
497 2257 537 2313 ita
558 2275 603 2312 res
624 2275 640 2312 a
661 2255 694 2311 L.
716 2254 849 2325 Lucullo,
870 2271 982 2311 summo
1001 2255 1070 2324 viro,
1091 2264 1135 2311 est

146 2335 354 2404 administrata,
369 2345 400 2391 ut
415 2335 496 2391 initia
511 2335 560 2392 illa
573 2343 719 2411 gestarum
733 2352 828 2390 rerum
842 2351 948 2408 magna
968 2342 1053 2408 atque
1066 2353 1135 2409 prae-

146 2414 235 2483 clara,
257 2433 313 2471 non
334 2413 464 2470 felicitati
486 2414 558 2488 ejus,
579 2414 629 2470 sed
650 2412 747 2469 virtuti
758 2431 766 2482 ;
795 2413 858 2470 haec
879 2423 974 2468 autem
995 2423 1132 2483 extrema,
1149 2417 1186 2471 ὃ

145 2511 209 2567 quas
230 2511 319 2568 nuper
348 2493 526 2562 acciderunt,
546 2511 604 2550 non
632 2491 733 2566 culpe,
755 2491 806 2549 sed
827 2492 956 2561 fortuna,
980 2492 1134 2549 tribuenda

146 2591 210 2628 esse
224 2571 382 2628 videantur.
424 2572 482 2628 Sed
504 2572 540 2628 de
561 2571 683 2628 Lucullo
703 2571 798 2628 dicam
820 2571 876 2629 alio
893 2571 974 2640 loco;
996 2581 1023 2628 et
1039 2571 1079 2628 ita
1092 2572 1134 2628 di·

146 2668 223 2719 cam,
236 2649 378 2719 Quirites,
392 2660 424 2706 ut
438 2668 531 2724 neque
545 2669 611 2707 vera
624 2650 687 2706 laus
701 2650 727 2707 ei
742 2651 872 2708 detracta
884 2651 1012 2707 oratione
1026 2651 1132 2721 nostra,

145 2747 240 2803 neque
255 2729 325 2785 salsa
341 2729 446 2798 afficta,
457 2747 520 2786 esse
535 2729 672 2786 videatur.
714 2728 760 2786 De
770 2729 856 2786 vestri
870 2729 981 2805 imperii
992 2729 1133 2804 dignitate

147 2817 232 2881 atque
253 2807 354 2883 gloria,
374 2807 509 2882 quoniam
530 2807 554 2864 is
574 2817 617 2864 est
637 2827 753 2865 exorsus
773 2808 908 2866 orationis
928 2825 1010 2877 meae,
1029 2808 1132 2878 videte,
1149 2815 1186 2869 30

145 2903 232 2962 quern
246 2886 325 2942 vobis
339 2887 466 2942 animum
480 2886 693 2962 suscipiendum
707 2887 821 2961 putetis.

187 2965 224 3022 V.
254 2964 379 3039 Maiores
400 2965 483 3021 vestri
506 2985 589 3042 saepe,
611 2964 818 3022 mercatoribus
837 2981 872 3020 ac
887 2961 1073 3018 naviculariis
1093 2962 1135 3018 in-

143 3041 281 3118 juriosilrs
302 3043 440 3114 tractatis,
462 3044 537 3100 bella
564 3052 732 3118 gesserunt:
760 3060 818 3111 vos,
839 3050 880 3097 tot
900 3040 1006 3096 civium
1028 3039 1135 3096 Roma·

145 3141 249 3179 norum
271 3122 404 3192 millibus,
419 3141 477 3180 uno
497 3123 598 3178 nuntio
619 3131 704 3194 atque
724 3139 782 3176 nno
794 3129 930 3194 tempore,
943 3116 1065 3187 necatis,
1079 3135 1135 3191 quo

145 3201 264 3256 tandem
286 3201 380 3258 animo
394 3219 456 3258 esse
470 3201 601 3257 debetisl
636 3197 738 3274 Legati
757 3197 833 3271 qudd
848 3205 930 3254 erant
944 3195 1075 3270 appellati
1090 3214 1136 3251 su·
1151 3195 1186 3248 35

145 3277 273 3356 perbihs,
295 3279 466 3337 Corinthum
486 3287 581 3354 patres
601 3277 697 3348 vestri,
718 3277 804 3334 totius
823 3276 946 3333 Graeciae
966 3275 1074 3344 lumen,
1088 3293 1135 3330 ex·

147 3358 285 3414 stinctum
306 3377 368 3415 esse
389 3359 554 3416 voluerunt:
576 3375 705 3414 roseum
723 3375 820 3432 regem
835 3355 957 3412 inultum
971 3373 1035 3410 esse
1048 3353 1136 3427 patie-

146 3436 229 3506 mini,
250 3437 299 3511 qui
326 3437 453 3514 legatum
473 3435 568 3512 populi
596 3434 722 3494 Romani
744 3435 934 3504 consularem,
956 3433 1079 3489 vinculis
1100 3449 1135 3488 ac

146 3515 314 3572 verberibus
335 3526 419 3591 atque
439 3515 517 3572 omni
538 3515 677 3590 supplicio
697 3514 905 3583 excruciatum,
925 3511 1060 3568 necaritl
1087 3509 1135 3566 Illi

145 3593 309 3650 libertatem
323 3594 430 3651 civium
444 3593 642 3650 Romanorum
657 3593 836 3650 imminutam
851 3611 907 3648 non
922 3590 1066 3646 tulerunt:
1087 3608 1135 3645 vos
1152 3591 1187 3644 40

146 3672 235 3728 vitam
250 3683 376 3748 ereptam
390 3671 563 3748 negligetis‘l
592 3671 609 3728 J
612 3691 646 3727 us
660 3671 821 3747 legationis,
835 3670 922 3726 verbo
934 3667 1079 3737 violatum,
1094 3668 1136 3725 illi

146 3751 291 3826 persecuti
312 3763 395 3808 sunt:
417 3771 466 3808 vos
479 3751 615 3825 legatum,
629 3750 706 3807 omni
728 3749 867 3824 supplicio
888 3746 1079 3815 interfectum,
1094 3767 1138 3804 re·

146 3829 303 3905 linquetisl
343 3831 461 3901 Videte,
482 3848 529 3900 ne,
550 3838 582 3885 ut
609 3829 665 3886 illis
683 3828 910 3904 pulcherrimum
937 3825 1000 3898 fuit,
1026 3837 1137 3883 tantam
