2775 4425
410 330 547 381 ORATIO
568 331 606 382 m
630 331 668 382 M.
690 333 893 385 surculum.
1144 339 1202 398 135

154 475 227 534 sisse
253 494 292 534 ne
320 483 351 532 tu
378 475 495 551 quidem
521 475 603 534 dicis.
646 477 687 535 At
714 475 819 537 Miloni
844 497 883 537 ne
909 477 1005 536 lavere
1030 477 1148 556 quidem

154 555 253 632 potui:
275 553 355 631 prius
370 555 447 612 enim
463 574 523 612 rem
538 556 686 633 transegit,
700 555 788 631 quim
807 557 958 634 qaisquam
978 575 1045 615 eum
1059 559 1149 635 suspi-

156 645 272 692 caretur
300 634 443 690 lacturum
471 653 543 692 esse.
584 636 626 692 At
646 655 701 712 ego
720 637 807 694 suasi.
849 636 971 694 Scilicet
990 637 1015 694 is
1035 637 1150 696 animus

155 727 219 770 erat
232 713 362 784 Milonis,
378 722 409 769 ut
428 713 561 789 prodesse
582 713 748 791 reipublice
768 716 832 773 sine
845 733 961 774 suasore
975 735 1032 774 non
1045 728 1148 792 posset.

156 793 199 849 At
218 793 332 850 laetatus
352 810 424 848 sum.
465 791 548 854 Quid
563 794 653 870 ergol
675 793 705 850 in
725 794 807 852 tanti
826 794 926 852 laetitia
946 805 1061 854 cuncte
1081 794 1150 854 civi·
1183 807 1203 861 5

155 872 235 941 tatis,
249 890 296 929 me
311 889 401 928 unum
415 871 524 928 tristem
539 891 602 929 esse
615 873 785 948 oportebatl

196 949 376 1025 Quanquam
397 950 434 1007 de
453 960 544 1008 morte
564 951 595 1009 P.
611 951 708 1010 Clodii
729 951 783 1009 fuit
799 951 919 1029 questio
931 971 989 1012 non
1003 953 1073 1011 satis
1085 973 1150 1032 pru·

157 1029 260 1087 denter
281 1029 332 1086 illa
351 1029 467 1105 quidem
495 1030 658 1088 constituta
699 1029 783 1092 Quid
809 1031 888 1090 enim
916 1031 1056 1091 attinebat
1075 1033 1150 1092 nord

156 1108 222 1185 lege
236 1109 327 1183 quaeri
348 1109 384 1166 de
404 1127 439 1166 eo
459 1109 508 1183 qui
529 1109 673 1168 homiuem
686 1109 851 1183 occidisset,
866 1108 934 1168 oiim
947 1121 1024 1170 esset
1037 1111 1151 1189 legibus

157 1188 279 1262 quaestio
293 1186 468 1245 constitutal
499 1187 649 1262 quaesitum
670 1197 840 1248 esttamen.
879 1189 970 1251 Quod
988 1209 1067 1267 ergo,
1081 1189 1150 1249 cum
1170 1199 1204 1254 m

157 1286 204 1324 res
227 1267 375 1342 agebatur,
400 1285 485 1324 nemo
507 1267 537 1324 in
558 1285 605 1324 me
628 1267 717 1338 dixit;
738 1267 778 1339 id,
802 1278 844 1328 tot
865 1269 949 1326 annis
969 1267 1044 1346 pbst,
1065 1281 1098 1328 tu
1118 1289 1151 1328 es

158 1344 293 1402 inventus
307 1345 356 1422 qui
370 1345 505 1404 diceresl

199 1423 292 1486 Quod
317 1444 383 1482 vero
406 1425 503 1482 dicere
526 1442 612 1481 ausus
636 1444 678 1496 es,
701 1425 788 1501 idque
814 1425 913 1483 multis
939 1425 1043 1498 verbis,
1064 1427 1152 1502 operi

158 1503 226 1561 meai
241 1502 409 1580 Pompeium
424 1523 441 1560 a
454 1503 579 1561 Caesaris
600 1503 729 1562 amicitiai
747 1523 812 1562 esse
825 1504 1011 1580 disjunctum,
1024 1505 1063 1562 ob
1076 1523 1153 1563 eam·

158 1602 216 1658 que
231 1601 349 1640 causam
364 1581 428 1640 meri
443 1581 528 1658 culpa
548 1582 633 1640 civile
655 1583 764 1640 bellum
784 1596 848 1641 esse
861 1592 980 1653 natum3
1001 1583 1032 1642 in
1045 1603 1082 1642 eo
1095 1603 1153 1643 non
1172 1583 1206 1658 ld

158 1672 193 1719 tu
212 1662 330 1736 quidem
356 1661 415 1719 totd
442 1681 484 1733 re,
505 1662 555 1720 sed
578 1660 666 1738 (quod
694 1662 853 1720 maximum
879 1664 936 1742 est)
958 1663 1151 1740 temporibus,

160 1741 272 1802 errasti.

200 1821 240 1877 X.
275 1820 340 1898 Ego
363 1819 404 1877 M.
427 1819 540 1891 Bibulo,
567 1821 801 1897 prestantissimo
827 1821 902 1894 cive,
929 1822 1058 1895 consuls,
1078 1822 1157 1886 nihil,

159 1899 341 1976 pretermisi,
370 1897 522 1976 (quantum
556 1900 652 1958 facere
686 1901 814 1978 enitique
845 1901 939 2038 potui)
966 1903 1037 1978 quin
1070 1901 1153 1961 Pom-

160 1979 258 2056 poium
288 1998 304 2036 a
331 1979 457 2036 Caesaris
483 1978 685 2054 conjunctione
716 1999 876 2039 avocarem.
934 2002 953 2038 n
972 2000 1030 2058 quo
1052 1985 1152 2040 Cesar
1170 1988 1207 2042 2⁰

162 2059 218 2116 fuit
239 2058 367 2116 felicior:
389 2058 449 2135 ipse
470 2057 547 2116 enim
568 2058 737 2135 Pompeium
759 2077 776 2116 a
795 2059 862 2116 mesa
883 2059 1077 2117 familiaritate
1097 2059 1154 2116 dis·

159 2137 263 2215 junxit
305 2137 409 2196 Postea
423 2135 490 2195 verb
504 2134 590 2215 qulam
605 2156 636 2194 se
654 2147 745 2195 totum
765 2137 919 2213 Pompeius
938 2136 1048 2194 Cesari
1068 2137 1155 2194 tradi-

162 2217 215 2285 dit,
237 2217 306 2292 quid
329 2237 383 2295 ego
404 2217 483 2274 illum
505 2218 541 2274 ab
563 2236 598 2275 eo
624 2217 785 2275 distrahere
812 2217 954 2274 conarerl
984 2214 1073 2274 Stulti
1093 2224 1155 2273 erat

162 2316 294 2373 sperarc;
317 2297 448 2367 suadere,
464 2296 646 2373 impudentis.

203 2376 272 2433 Duo
301 2387 398 2435 tamen
431 2386 558 2451 tempora
586 2374 761 2445 inciderunt,
788 2373 893 2450 quibus
919 2372 1028 2450 aliquid
1055 2382 1156 2433 contra
1173 2380 1210 2437 25

164 2455 311 2513 Caesarem
345 2455 481 2531 Pompeio
514 2454 661 2523 suaserim.
703 2453 750 2511 Ea
782 2453 866 2512 velim
893 2454 1096 2531 reprehendas,
1130 2452 1156 2511 si

164 2545 261 2611 potes:
283 2553 383 2605 unum,
404 2554 441 2591 ne
461 2533 650 2609 quinquennii
671 2532 823 2610 imperium
843 2532 952 2591 Caesari
973 2542 1154 2611 prorogaret;

166 2614 298 2685 alterum,
313 2633 350 2671 ne
371 2623 516 2689 pateretur
538 2612 614 2684 ferri,
630 2623 661 2669 ut
682 2614 809 2671 absentis
828 2612 890 2689 ejus
903 2614 977 2673 ratio
991 2614 1154 2673 baberetur.

164 2693 300 2755 Quorum
315 2692 339 2749 si
354 2692 492 2750 utrumvis
505 2693 721 2769 persuasissem,
735 2692 766 2750 iu
787 2693 839 2751 has
858 2694 990 2753 miserias
1006 2710 1156 2768 uunquam

166 2772 377 2830 incidissemus.
418 2772 516 2847 Atque
543 2771 620 2829 idem
648 2792 711 2849 ego,
735 2770 802 2831 clim
827 2772 886 2848 jam
912 2792 1013 2831 omnes
1035 2792 1105 2847 opes
1127 2780 1157 2829 et
1174 2775 1211 2833 3⁰

165 2862 282 2909 suaset
308 2850 406 2927 populi
433 2850 560 2908 Romani
588 2850 741 2928 Pompeius
762 2852 799 2908 ad
820 2852 966 2909 Caesarem
986 2850 1155 2919 detulisset;

165 2929 289 3004 senique
316 2949 351 2987 ea
378 2930 485 2988 sentire
505 2929 648 3005 coepisset,
662 2949 726 3005 quae
747 2948 801 3004 ego
822 2926 889 2985 ant&
910 2926 1001 2985 multd
1022 2928 1158 3004 praevide-

166 3028 238 3079 ram,
254 3009 410 3084 inferrique
424 3008 522 3085 patrie
537 3008 644 3066 bellum
662 3007 806 3065 netarium
820 3005 965 3075 viderem
985 3006 1077 3081 pacis,
1091 3024 1159 3062 con·

166 3089 283 3159 cordiae,
307 3088 529 3165 compositionis
552 3098 650 3145 auctor
671 3104 735 3142 esse
756 3103 815 3141 non
835 3083 949 3141 destiti:
970 3101 1092 3157 meaque
1109 3082 1159 3140 illa

166 3187 220 3225 vox
235 3178 278 3224 est
292 3179 360 3225 note
374 3167 488 3225 multis:
520 3174 538 3199 “
549 3165 678 3234 Utinam,
694 3162 749 3219 Cn.
765 3162 894 3238 Pompei,
909 3180 975 3219 cum
991 3161 1025 3219 0.
1041 3161 1158 3219 Caesare
1176 3170 1213 3225 35

167 3247 335 3303 societatem
357 3257 406 3303 aut
426 3264 573 3321 nunquam
595 3244 712 3314 coisses,
735 3252 784 3299 aut
803 3260 952 3317 nunquam
973 3239 1157 3298 diremissesl

167 3325 222 3383 suit
243 3326 363 3382 alterum
385 3326 542 3402 gravitatis,
559 3325 679 3382 alterum
694 3322 852 3398 prudentie
866 3322 951 3379 tuae.'’
995 3320 1069 3377 Haec
1082 3336 1159 3390 mea,

167 3402 210 3462 M.
232 3404 353 3475 Antoni,
368 3423 479 3480 semper
500 3414 529 3461 et
549 3404 585 3461 de
606 3402 745 3477 Pompeio
763 3411 792 3459 et
812 3402 849 3459 de
869 3399 1019 3477 republica
1039 3397 1162 3455 consilia

167 3483 302 3552 suerunt;
323 3502 386 3558 quae
409 3483 433 3539 si
456 3483 622 3553 valuissent,
637 3481 801 3557 respublica
821 3490 910 3539 staret
920 3501 928 3552 ;
949 3491 991 3551 tu,
1005 3478 1063 3535 tuis
1081 3475 1161 3552 flagi·

167 3562 224 3629 tiis,
240 3573 378 3637 egestate,
394 3562 523 3633 infamia,
539 3561 724 3619 concidisses.
1076 3592 1080 3596 ·
1178 3562 1214 3617 40

207 3640 263 3698 ΧΙ.
297 3641 355 3697 Sed
380 3642 443 3719 haec
464 3652 579 3699 vetera:
609 3639 681 3697 illud
703 3636 770 3696 verb
791 3658 904 3709 recens,
926 3638 1073 3695 Caesarem
1097 3653 1162 3692 meo

168 3720 290 3777 consilio
321 3718 513 3776 intersectum.
556 3720 622 3777 Jam
650 3737 759 3788 vereor,
787 3718 888 3775 Patres
921 3714 1096 3791 Conscripti,
1123 3732 1162 3771 nc

169 3797 259 3872 (quod
281 3799 478 3875 turpissimum
498 3800 555 3878 est)
576 3796 826 3876 prevaricatorem
847 3795 918 3852 milri
940 3794 1102 3871 apposuisse
1121 3793 1162 3850 si·

169 3876 248 3948 dear,
263 3877 313 3954 qui
333 3896 379 3936 me
401 3898 459 3935 non
483 3876 574 3936 solum
597 3876 670 3935 meis
691 3875 827 3933 laudibus
849 3886 975 3946 ornaret,
999 3876 1050 3933 sed
1073 3874 1161 3933 etiam
