2775 4425
383 392 519 444 ORATIO
541 393 610 443 PRO
634 394 733 443 Lacu
753 394 919 443 Mantala.
1154 398 1195 457 53

159 536 296 613 liqueritl
337 537 443 595 Vestra
457 536 682 595 admurmuratio
695 536 776 609 facit,
788 536 931 609 Quirites,
945 547 977 595 ut
991 554 1148 614 agnoscere

160 616 326 686 videamini,
340 616 390 691 qui
406 616 467 673 baec
489 616 626 675 facerint:
648 634 703 692 ego
724 628 820 673 autern
842 617 988 674 neminem
1011 616 1146 674 nomino:

160 713 249 770 quare
264 696 349 752 irasci
364 694 434 751 mihi
448 712 533 752 nemo
553 694 666 769 poterit,
680 694 736 751 nisi
757 695 806 770 qui
829 694 896 752 antd
916 696 953 753 de
974 714 1006 753 se
1027 694 1148 753 voluerit

161 772 299 831 confiteri.
342 772 453 848 Itaque,
463 783 573 848 propter
586 774 661 830 hanc
677 773 825 830 avaritiam
836 773 1048 849 imperatorum,
1059 790 1136 849 quan

160 861 205 908 tas
219 851 407 921 calamitates,
430 848 602 925 quocunque
623 862 741 909 ventum
765 844 811 922 sil,
833 852 922 910 nostri
944 853 1088 910 exercitus
1109 851 1148 909 lo·
1179 858 1198 910 5

161 940 236 1000 rant,
249 930 313 1005 quis
328 929 459 1005 ignorati
500 928 619 1000 Itinera,
643 949 707 1005 qum
731 949 780 1005 per
795 931 881 989 hosce
906 949 996 988 annos
1019 930 1048 988 iu
1063 929 1150 987 ltalia

159 1028 210 1084 per
226 1028 308 1084 agros
323 1019 406 1083 atque
420 1008 523 1083 oppida
541 1008 647 1065 civium
672 1008 870 1067 Romanorum
889 1008 979 1067 nostri
1000 1008 1150 1083 imperato·

160 1106 207 1143 res
218 1087 359 1156 fecerunt,
374 1086 564 1143 recordamini
577 1108 592 1143 :.
604 1096 665 1144 tum
686 1084 802 1144 facilibs
825 1088 966 1159 statuetis,
990 1087 1058 1162 quid
1074 1086 1149 1163 apud

160 1176 274 1223 exteras
286 1166 417 1222 nationes
431 1164 492 1222 fieri
507 1164 683 1222 existimetis.
726 1163 828 1223 Utrrim
851 1167 946 1242 plures
970 1164 1149 1223 arbitramini

159 1264 212 1320 per
226 1245 313 1301 hosce
328 1262 416 1301 annos
430 1242 553 1300 militurn
567 1254 724 1301 vestrorum
739 1245 826 1301 armis
846 1245 970 1304 bostium
985 1245 1080 1314 urbes,
1102 1262 1149 1314 an,
1165 1252 1199 1305 10

160 1323 299 1392 hibernis,
315 1322 456 1379 sociorum
471 1321 611 1392 civitates,
626 1341 689 1379 esse
713 1305 842 1379 deletas!
884 1323 988 1399 Neque
1011 1322 1090 1379 enim
1103 1342 1151 1397 po·

159 1412 217 1459 test
230 1401 388 1459 exercitum
404 1400 428 1457 is
442 1400 589 1458 continere
603 1401 766 1476 imperator,
780 1401 830 1475 qui
853 1420 885 1459 se
908 1401 1001 1475 ipsum
1015 1420 1072 1457 non
1083 1420 1151 1457 coo·

158 1480 252 1549 tinet;
273 1498 366 1553 neque
381 1498 496 1537 severus
510 1497 573 1536 esse
588 1479 617 1536 in
629 1478 797 1554 judicando,
811 1479 860 1555 qui
875 1479 946 1537 alios
967 1478 997 1535 in
1019 1498 1051 1536 se
1074 1497 1153 1535 seve·

159 1578 208 1617 ros
221 1577 284 1615 esse
296 1558 408 1633 judices
422 1576 478 1615 non
493 1558 560 1615 vult.

201 1636 262 1695 Hic
284 1636 430 1707 miramur,
455 1636 534 1693 hunc
556 1635 702 1693 hominem
723 1632 836 1693 tantiam
857 1636 999 1693 excellere
1026 1634 1149 1705 caeteris,
1167 1640 1200 1694 15

159 1715 245 1791 cujus
259 1714 387 1791 legiones
400 1714 442 1773 sio
458 1714 487 1772 in
502 1715 603 1771 Asiam
617 1726 818 1789 pervenerunt,
831 1724 864 1772 ut
877 1734 935 1773 non
949 1712 1034 1773 modo
1048 1732 1151 1771 manus

158 1794 234 1852 tanti
252 1794 406 1864 exercitiis,
429 1794 540 1851 sedne
565 1793 717 1871 vestigium
740 1794 866 1868 quidem,
890 1794 1026 1868 cuiquam
1047 1803 1151 1868 pacato

158 1872 296 1930 nocuisse
310 1873 442 1930 dicaturl
483 1872 550 1929 lam
569 1870 647 1943 verb,
669 1873 910 1946 quemadmodum
931 1873 1037 1929 milites
1057 1871 1151 1930 hiber·

158 1962 242 2021 nent,
256 1950 383 2026 quotidie
404 1968 550 2008 sermones
572 1968 606 2007 ac
627 1950 717 2008 literas
738 1950 927 2026 perferuntur.
968 1951 1037 2009 Non
1052 1948 1148 2021 modo,

159 2042 194 2087 ut
216 2040 360 2105 sumptum
385 2028 473 2086 saciat
493 2030 523 2087 in
545 2029 676 2099 militem,
691 2030 800 2087 nemini
822 2029 865 2085 ris
886 2030 1019 2099 affertur3
1041 2030 1092 2085 sed
1112 2050 1149 2086 ne
1162 2032 1199 2086 20

160 2107 291 2184 cupienti
318 2108 433 2181 quidem
461 2108 596 2182 cuiquam
622 2108 804 2183 permittitur.
845 2107 960 2164 Hiemis
983 2108 1072 2177 enim,
1091 2126 1150 2164 non

161 2187 300 2257 avaritiae,
314 2186 476 2262 perfugium
490 2185 612 2261 majores
632 2186 723 2244 nostri
737 2186 767 2243 in
790 2185 933 2244 sociorum
947 2195 1032 2260 atque
1046 2185 1152 2242 amico·

161 2285 226 2324 rum
242 2266 326 2322 tectis
340 2284 403 2322 esse
417 2265 575 2322 voluerunt.

202 2344 287 2402 XIV.
323 2345 389 2420 Age
409 2342 487 2414 verri,
509 2343 621 2401 caeteris
641 2343 671 2402 in
692 2344 779 2401 rebus
797 2342 875 2418 quali
896 2342 933 2399 sit
951 2341 1151 2417 temperantia,

162 2424 351 2482 considerate.
393 2421 477 2480 Unde
498 2422 576 2479 illam
597 2431 707 2480 tantam
731 2421 918 2492 celeritatem,
932 2431 962 2478 et
980 2431 1039 2478 tam
1060 2421 1200 2478 incre-25

161 2502 282 2560 dibilem
304 2520 421 2559 cursum
444 2501 591 2558 inventum
613 2501 739 2577 putatis?
768 2521 826 2559 non
846 2501 924 2558 enirn
947 2499 1027 2557 illum
1045 2500 1152 2559 eximia

161 2582 206 2638 vis
220 2581 371 2657 remigum,
386 2590 435 2637 aut
450 2599 495 2637 ars
510 2580 641 2637 inaudita
653 2581 784 2656 quaedam
804 2580 995 2657 gubernandi,
1010 2590 1060 2637 aut
1073 2580 1150 2638 venti

162 2659 251 2735 aliqui
266 2659 341 2730 novi,
356 2670 414 2717 tam
434 2658 566 2716 celeriter
588 2658 618 2716 in
640 2659 756 2716 ultimas
774 2670 866 2717 terras
885 2659 1078 2735 pertulerunt:
1099 2660 1151 2716 sed

161 2739 207 2796 hae
222 2759 277 2809 res,
292 2758 355 2813 qum
379 2749 497 2796 caeteros
519 2737 657 2795 remorari
678 2739 780 2808 solent,
793 2759 851 2796 non
873 2739 1072 2796 retardarunt:
1092 2757 1149 2796 non

163 2817 284 2875 avaritia
298 2819 334 2874 ab
349 2817 478 2875 instituto
491 2835 578 2873 cursu
593 2817 629 2873 ad
642 2817 767 2892 praedam
782 2817 907 2891 aliquam
920 2816 1079 2886 devocavit,
1093 2837 1150 2874 non
1162 2816 1199 2870 30

161 2896 253 2953 libido
269 2896 305 2953 ad
329 2896 511 2971 voluptatem,
531 2914 588 2952 nou
610 2895 762 2952 amoenitas
783 2896 820 2951 ad
842 2895 1073 2963 delectationem,
1093 2914 1150 2951 non

161 2975 297 3031 nobilitas
319 2975 398 3032 urbis
420 2975 455 3031 ad
478 2973 681 3050 cognitionem,
705 2991 764 3029 non
785 2972 909 3046 denique
931 2971 1011 3028 labor
1033 2972 1093 3046 ipse
1115 2973 1150 3028 ad

162 3052 305 3126 quietem3
326 3050 479 3128 postremo,
501 3053 595 3128 signa,
609 3061 638 3108 et
661 3050 784 3118 tabulas,
799 3059 960 3121 ceteraque
982 3059 1151 3106 ornamenta

162 3131 331 3188 Graecorum
345 3131 522 3206 oppidorum,
536 3150 600 3205 qum
623 3128 721 3186 caeteri
742 3127 868 3185 tollenda
889 3145 952 3183 esse
967 3127 1150 3197 arbitrantur,

162 3227 198 3266 ea
222 3209 277 3265 sibi
301 3209 348 3266 ille
371 3229 407 3267 ne
428 3209 547 3266 visenda
568 3207 683 3282 quidem
708 3206 888 3263 existimavit.
929 3204 1031 3280 ltaque
1050 3223 1150 3263 omnes
1163 3205 1199 3258 35

161 3288 278 3362 quidem
300 3307 379 3354 nuno
394 3289 423 3346 in
446 3287 491 3344 bis
504 3286 577 3344 locis
599 3286 653 3343 On.
669 3285 846 3360 Pompeium,
861 3285 936 3342 siout
955 3285 1078 3360 aliquem
1092 3305 1149 3342 non

162 3385 198 3422 ex
213 3366 269 3422 hac
283 3368 353 3424 urbe
367 3368 497 3436 missum,
512 3366 561 3422 sed
577 3365 613 3423 de
627 3365 701 3422 coelo
713 3363 871 3440 delapsum,
886 3364 1049 3422 intuentur:
1070 3383 1150 3420 nuno

162 3444 287 3518 denique
314 3445 457 3521 incipiunt
490 3445 618 3514 credere,
647 3443 734 3500 fuisse
761 3443 891 3501 homines
918 3442 1066 3501 Romanos
1095 3444 1150 3500 hac

162 3523 305 3596 quondam
328 3523 518 3590 abstinentid3
540 3523 614 3596 quod
634 3521 694 3598 jam
714 3523 879 3580 nationibus
899 3523 1005 3580 exteris
1028 3521 1151 3578 incredi-

82 3655 83 3661 ,
163 3600 230 3672 bile,
246 3619 280 3658 ac
302 3600 374 3659 falso
397 3600 540 3659 memoriae
562 3601 714 3676 proditum,
729 3601 887 3658 videbatur.
928 3599 1018 3657 Nunc
1038 3599 1149 3676 imperii
1162 3598 1198 3652 40

162 3679 248 3737 vestri
275 3680 408 3756 splendor
437 3680 493 3737 illis
513 3679 647 3755 gentibus
667 3679 764 3736 lucet:
791 3698 871 3736 nunc
897 3678 1071 3754 intelligunt,
1092 3699 1149 3738 non

162 3758 223 3816 sine
239 3759 327 3816 causti
349 3758 471 3834 majores
492 3777 558 3815 suos
579 3768 650 3827 tum,
676 3754 744 3812 cum
766 3758 823 3814 hac
842 3757 1032 3832 temperantia
1046 3760 1150 3835 magis-

162 3846 252 3894 tratus
273 3837 462 3908 habebamus,
483 3837 588 3894 servire
611 3835 715 3913 populo
738 3834 882 3907 Romano,
902 3833 989 3911 qudm
1008 3837 1149 3915 imperare

163 3914 236 3986 aliis,
250 3915 395 3974 maluisse.
1154 3922 1160 3938 '

400 3993 446 4050 5*
