2775 4425
350 365 488 416 OltA'l'lO
511 367 580 417 PRO
602 367 633 417 Τ.
657 367 773 418 ANNIO
794 367 944 418 MILONE.
1138 370 1196 430 101)

142 520 267 588 gereret,
279 511 396 570 deferre
419 529 524 586 posses.
567 511 606 570 Et
620 510 751 588 adspexit
770 531 817 570 me
838 511 895 570 illia
907 510 1025 587 quidem
1038 511 1142 583 oculis,

143 591 249 664 quibus
263 601 324 648 tum
339 591 459 661 solebat,
474 590 542 649 clim
562 590 660 650 omnia
680 591 815 650 omnibus
828 591 1001 650 minabatur.
1043 589 1142 650 Movet

144 688 191 726 me
206 669 313 745 quippe
327 670 426 727 lumen
447 670 545 728 curiae.

184 747 274 806 XIII.
309 749 416 811 Quidl
437 758 469 806 tu
493 768 540 808 me
564 749 679 820 iratum,
702 750 800 820 Sexte,
813 759 899 826 putas
921 749 985 822 tibi,
1006 747 1089 826 cujus
1108 759 1141 807 tu

145 825 377 886 inimicissimum
392 826 482 886 multo
503 827 650 888 crudelius
673 829 762 886 etiam
784 828 904 904 punitus
915 847 957 901 aa,
971 826 1059 904 quim
1078 837 1141 886 erat
1174 841 1194 895 5

145 905 333 964 humanitatis
348 925 419 964 mem
432 907 600 982 postularet
641 907 691 965 Tu
713 907 745 965 P.
759 907 856 966 Clodii
880 917 1033 966 cruentum
1054 907 1141 964 cada·

144 1003 195 1042 ver
225 985 337 1062 ejecisti
361 986 455 1057 domo,
480 996 512 1044 tu
540 986 569 1045 in
589 986 740 1063 publicum
761 986 911 1062 abjecisti:
932 997 965 1044 tu
988 985 1140 1062 spoliatum

145 1063 331 1142 imaginibus,
346 1065 499 1139 exsequiis,
514 1067 627 1142 pompd,
642 1065 817 1136 laudatione,
830 1064 1034 1124 infelicissimis
1054 1065 1141 1139 lignis

144 1143 386 1214 semiustulatum,
421 1145 570 1202 nocturnis
603 1144 725 1202 canibus
757 1145 956 1203 dilaniandum
990 1144 1138 1220 reliquisti.

144 1221 247 1284 Quam
274 1241 335 1280 rem
363 1222 416 1280 etsi
444 1222 555 1283 nelarie
587 1223 690 1294 iecisti,
719 1233 827 1294 tamen,
855 1223 991 1299 quoniam
1018 1224 1048 1282 in
1076 1243 1141 1282 mco
1157 1229 1193 1286 10

145 1301 266 1360 inimico
280 1302 481 1360 crudelitatem
496 1301 694 1380 exprompsisti
708 1312 799 1375 tuam,
813 1303 932 1362 laudare
946 1323 1003 1362 non
1013 1322 1139 1380 possum

145 1379 233 1438 irasci
249 1380 327 1439 certe
343 1401 400 1439 nou
415 1382 515 1440 debeo.

185 1460 217 1517 P.
247 1459 343 1520 Clodii
369 1471 523 1537 praeturam
551 1480 609 1518 uon
636 1459 701 1518 sine
726 1459 853 1518 maximo
878 1478 975 1518 rerum
1002 1477 1141 1518 novarum

147 1549 223 1596 metu
239 1539 368 1616 proponi,
382 1551 412 1598 et
424 1540 546 1598 solutam
561 1540 620 1598 lore
641 1538 792 1610 videbatis,
807 1537 863 1596 nisi
885 1548 962 1596 esset
985 1538 1009 1596 ia
1029 1539 1140 1610 consul,

146 1618 195 1693 qui
223 1637 288 1676 eam
320 1620 438 1677 auderet
467 1629 620 1694 possetque
648 1617 854 1696 constringere.
895 1617 972 1675 Eum
1000 1616 1140 1676 Milonem
1158 1613 1193 1668 15

146 1717 219 1768 esse,
234 1695 303 1755 ciam
326 1698 446 1756 sentiret
459 1698 610 1756 universus
633 1698 756 1774 populus
779 1697 950 1767 Romanus3
971 1696 1037 1772 quia
1057 1696 1140 1754 dubi·

147 1786 229 1848 taret,
244 1777 380 1854 suffragio
393 1797 454 1848 suo,
469 1796 500 1836 se
515 1788 603 1849 metu,
617 1776 748 1854 periculo
760 1776 979 1852 rempublicam,
992 1776 1139 1835 liberarel

146 1857 187 1913 At
204 1853 300 1935 [nom]
326 1857 358 1914 P.
374 1855 477 1915 Clodio
500 1867 618 1928 remoto,
643 1857 756 1914 usitatis
777 1856 837 1933 jam
860 1857 946 1914 rebus
968 1856 1139 1914 enitendum

145 1945 189 1992 est
213 1934 327 2006 Miloni,
355 1945 387 1992 ut
413 1946 527 1994 tueatur
555 1935 726 2012 dignitatem
753 1955 843 1994 suam.
895 1935 1058 2013 Singularis
1078 1936 1137 2006 illa,

145 2013 214 2071 huic
229 2014 279 2071 uni
294 2033 433 2072 concessa
446 2013 546 2092 gloria,
561 2033 624 2090 quae
649 2015 776 2090 quotidie
791 2015 950 2092 augebatur
971 2015 1138 2092 frangendis
1152 2019 1190 2076 20

145 2093 289 2150 furoribus
312 2093 471 2164 Clodianis,
492 2094 553 2170 jam
577 2103 668 2152 morte
691 2093 789 2152 Clodii
802 2093 918 2151 cecidit.
959 2093 1021 2150 Vos
1041 2093 1137 2168 adepti

144 2171 222 2244 etis,
239 2191 275 2231 ue
289 2191 375 2248 quem
389 2171 482 2231 civem
496 2172 681 2233 metueretis:
703 2172 753 2231 hic
766 2171 1001 2231 exercitationem
1015 2170 1137 2242 virtutis,

144 2252 378 2329 suffragationem
406 2253 583 2325 consulatus,
612 2252 720 2311 sontem
751 2270 908 2327 perennem
939 2251 1037 2326 gloria>
1066 2268 1137 2320 sua,
1180 2272 1184 2279 ·

143 2331 277 2407 perdidit.
320 2330 423 2406 ltaque
443 2331 561 2391 Milonis
585 2332 762 2401 consulatus,
777 2330 837 2404 qui,
850 2330 915 2388 vito
933 2328 1047 2400 Glod'm,
1061 2328 1139 2386 labe·

145 2410 246 2468 lactari
261 2428 318 2467 non
331 2421 452 2486 poterat,
466 2422 578 2469 mortuo
592 2410 718 2486 denique
731 2410 836 2467 tentari
850 2419 963 2485 coeptus
976 2418 1027 2467 est
1069 2406 1137 2466 Nou
1153 2406 1190 2463 25

144 2488 341 2625 ffipldoigitur
365 2489 436 2548 nihil
460 2492 585 2567 prodest,
609 2491 660 2549 sed
683 2491 766 2549 obest
785 2489 883 2561 etiam,
898 2488 930 2547 P.
944 2488 1041 2549 Clodii
1060 2506 1137 2546 mors

199 2588 257 2627 om.

183 2648 224 2705 At
244 2646 473 2717 valuit-odium
496 2646 565 2706 lecit
590 2647 697 2717 iratus3
719 2646 789 2707 lecit
812 2647 965 2717 inimicus;
988 2646 1042 2706 luit
1062 2647 1136 2706 ultor

144 2724 265 2801 injuriae,
279 2726 395 2802 punitor
408 2726 512 2785 doloris
526 2726 579 2785 sui.
619 2727 726 2790 Quidl
747 2728 771 2785 si
785 2729 858 2799 hmo,
869 2747 926 2786 uma
940 2726 1016 2797 dico,
1026 2726 1136 2802 majora

144 2804 260 2863 luerunt
274 2805 304 2864 in
319 2806 431 2877 Clodio,
446 2804 533 2881 quiam
547 2805 576 2865 in
592 2805 713 2878 Milone,
727 2807 778 2865 sed
798 2807 830 2865 in
843 2806 893 2864 illo
905 2805 1041 2876 maxima,
1054 2805 1136 2862 nulla
1151 2807 1188 2861 3)

142 2883 171 2942 in
186 2886 261 2955 boc;
282 2885 352 2960 quid
372 2884 457 2942 vultis
478 2885 622 2960 ampliusl
661 2885 746 2947 Quid
769 2885 848 2943 enim
870 2883 978 2942 odisset
1000 2882 1136 2940 Clodium

142 2962 225 3035 Milo,
251 2975 379 3041 segetem
404 2983 439 3022 ac
462 2964 613 3021 materiam
636 2983 696 3021 suae
720 2963 829 3039 glorias,
851 2970 954 3037 praeter
975 2960 1031 3017 boc
1050 2959 1136 3018 civile

140 3042 251 3113 odium,
266 3062 322 3118 quo
334 3060 435 3101 omnes
456 3042 599 3119 improbos
621 3042 757 3101 odimusl
798 3040 864 3109 Ille,
877 3047 950 3108 erat,
963 3046 997 3094 ut
1017 3036 1135 3107 odisset,

140 3119 268 3196 primum
292 3122 472 3180 defensorem
495 3121 595 3179 salutis
618 3138 703 3190 meae,
727 3117 833 3175 deinde
846 3126 1008 3174 vexatorem
1022 3113 1135 3185 luroris,

141 3200 311 3259 domitorem
334 3219 476 3259 armorum
498 3219 624 3269 suorum,
651 3194 796 3274 postremo
823 3195 911 3254 etiam
938 3204 1135 3251 accusatorem
1152 3204 1188 3258 35

140 3296 246 3337 suum:
267 3299 335 3337 reus
358 3279 436 3337 enim
458 3278 586 3350 Milonis,
610 3278 675 3355 lege
699 3275 803 3347 Plotid,
819 3275 874 3334 fuit
896 3273 1027 3343 Clodius,
1040 3272 1135 3345 quoad

140 3358 219 3415 vixit.
260 3359 333 3420 Quo
355 3360 472 3417 tandem
498 3357 594 3415 animo
617 3358 672 3415 hoc
696 3367 850 3433 tyrannum
872 3354 972 3412 tulisse
995 3350 1136 3440 creditisl

140 3447 282 3511 quantum
305 3438 404 3495 odium
432 3436 519 3507 illius,
540 3445 579 3508 et,
600 3435 631 3494 in
659 3435 775 3495 homine
798 3434 913 3511 injusto,
940 3430 1028 3508 quam
1047 3440 1137 3488 etiam

152 3516 282 3574 'ustuml

147 3536 158 3593 J
180 3595 267 3653 XIV.
289 3596 449 3671 Reliquum
473 3604 527 3666 est,
552 3604 583 3651 ut
603 3593 663 3670 jam
687 3592 768 3651 illum
783 3602 887 3650 natura
906 3588 996 3665 ipsius
1016 3606 1136 3677 consue-
1152 3590 1189 3648 to

141 3675 270 3749 tudoque
285 3675 431 3744 defendat,
446 3676 525 3733 hunc
541 3683 636 3731 autem
651 3674 714 3730 haeo
727 3672 829 3729 eadem
844 3677 1011 3745 coarguant.
1052 3665 1135 3723 thrl

140 3772 192 3830 per
205 3753 264 3811 vim
279 3773 407 3828 unquam
421 3752 551 3823 Clodius,
565 3751 663 3809 omnia
684 3771 735 3826 per
759 3750 818 3806 vim
832 3748 912 3805 Milo.
953 3745 1036 3807 Quid
1057 3764 1135 3821 ergo,

147 3832 285 3907 Judrcesl
307 3832 386 3904 cum,
401 3831 588 3889 maerentibus
602 3830 691 3902 vobis,
706 3829 785 3887 Urbe
805 3826 890 3897 cessi,
908 3824 1088 3902 judiciuume
1102 3823 1137 3881 ti·

141 3912 224 3969 muil
246 3931 304 3969 non
318 3930 423 3981 servos,
439 3930 496 3969 non
512 3928 601 3980 arma,
625 3929 682 3967 non
707 3908 786 3965 vimt
826 3906 905 3967 Qum
929 3904 1029 3962 luisset
1048 3903 1137 3981 igitur
