2775 4425
229 360 284 418 152
524 357 661 408 ORATIO
683 357 721 407 IN
744 357 774 406 M
805 356 1010 407 ANTONIUM.

272 501 433 578 Lupercus,
449 512 480 560 ut
500 512 528 560 te
550 502 699 560 consulem
719 521 783 560 esse
797 500 964 558 meminisse
983 497 1116 577 deberes)
1130 497 1251 554 diadema

271 581 409 638 ostendis.
450 582 584 639 Gemitus
605 594 665 640 toto
689 581 758 638 soro.
808 579 892 638 Unde
916 579 1074 636 diademal
1104 577 1251 634 nonenim

273 659 419 734 abjectum
434 660 607 730 sustuleras;
629 661 680 718 sed
696 660 832 717 attuleras
845 659 932 716 domo
946 657 1114 715 meditatum
1137 665 1164 712 et
1183 654 1251 730 cogi·

273 746 364 796 tatum
379 735 482 796 scelus.
525 739 573 798 Tu
588 740 724 796 diadema
738 739 905 814 imponebas
919 755 987 794 cum
1002 736 1136 812 plangore
1149 733 1250 810 populi;

240 819 259 873 5
274 817 322 875 ille
336 837 403 876 cum
418 818 520 894 plausu
535 819 692 894 rejiciebat.
742 816 792 875 Tu
812 836 882 893 ergo
902 835 990 887 unus,
1005 815 1151 883 scelerate,
1166 810 1252 869 inien-

273 906 320 954 tus
333 916 375 968 es,
390 898 449 974 qui,
465 895 532 954 clun
548 909 647 955 auctor
662 896 744 972 regni
765 915 853 966 esses,
868 915 946 966 eum,
966 913 1052 970 quern
1067 892 1199 968 collegam
1210 891 1252 947 ha·

274 975 373 1047 bebas,
388 977 536 1034 dominum
558 977 665 1033 habere
681 975 783 1046 velles;
805 986 835 1032 et
849 975 926 1032 idem
946 983 1083 1044 tentares,
1096 972 1160 1048 quid
1173 989 1252 1047 popu·

273 1053 319 1112 lus
334 1055 486 1113 Romanus
501 1055 574 1112 serre
588 1064 617 1111 et
631 1055 689 1130 pati
705 1065 808 1130 posset.

315 1134 355 1190 At
379 1135 466 1192 etiam
498 1134 724 1192 misericordiam
749 1134 903 1210 captabas:
932 1130 1053 1207 supplex
1073 1141 1101 1188 te
1122 1129 1154 1186 ad
1173 1127 1251 1204 pedes

227 1209 260 1264 10
275 1211 449 1289 adjiciebas:
482 1213 550 1289 quid
571 1214 695 1290 petensl
730 1223 761 1270 ut
788 1212 929 1270 serviresl
972 1210 1042 1267 Tibi
1069 1209 1118 1267 uni
1143 1217 1251 1283 peteres,

273 1293 322 1367 qui
338 1292 377 1350 ita
390 1311 407 1350 a
420 1312 509 1368 puero
523 1291 644 1362 vixeras,
659 1302 691 1350 ut
704 1291 964 1367 omuia'paterere,
979 1299 1011 1347 ut
1030 1285 1113 1345 facila
1127 1285 1251 1343 servires:

275 1389 292 1428 a
307 1372 390 1428 uobis
403 1371 562 1448 populoque
577 1370 714 1428 Romano
728 1371 896 1428 mandatum
911 1370 940 1426 id
962 1367 1043 1428 certe
1059 1386 1115 1424 nou
1130 1364 1251 1422 habebas.

275 1447 304 1508 Ο
319 1450 486 1526 praeclaram
502 1451 579 1508 illam
594 1450 787 1526 eloquentiam
802 1460 892 1520 tum,
907 1446 978 1506 crim
992 1467 1025 1504 es
1038 1446 1132 1502 nudus
1151 1441 1253 1510 concic-

275 1531 379 1588 natus!
420 1529 504 1590 Quid
532 1531 587 1588 hoc
609 1529 743 1606 turpiusl
776 1528 845 1605 quid
867 1528 994 1585 soediusl
1028 1525 1096 1600 quid
1119 1519 1253 1598 suppliciis

228 1611 261 1666 15
275 1610 408 1667 omnibus
422 1610 560 1686 digniusl
600 1607 680 1666 Num
702 1619 862 1684 exspectas,
876 1606 945 1664 dum
962 1617 991 1664 te
1005 1603 1127 1662 stimulis
1140 1598 1253 1658 lodiaml

275 1688 339 1745 haec
354 1699 391 1759 te,
407 1689 430 1745 si
446 1689 532 1746 ullam
546 1698 656 1763 partem
672 1687 774 1745 sensile
788 1687 887 1757 habes,
902 1687 1024 1755 lacerat,
1039 1685 1102 1741 haec
1122 1686 1251 1746 cruentat,

274 1768 373 1824 oratio.
417 1767 536 1837 Vereor,
551 1787 588 1826 ne
609 1767 780 1824 imminuam
801 1767 923 1823 virorum
938 1782 1116 1822 summorum
1129 1758 1252 1845 gloriam:

274 1846 370 1902 dicam
392 1855 489 1902 tamen
511 1845 608 1924 dolore
634 1855 804 1903 commotus.
845 1843 926 1905 Quid
950 1842 1109 1920 indignius,
1122 1837 1202 1914 quam
1220 1854 1254 1890 n·

276 1943 342 1981 vere
356 1943 434 1993 eum,
444 1925 494 2000 qui
508 1924 676 1999 imposuerit
689 1924 835 1995 diadema,
848 1922 916 1981 clim
930 1943 1034 1981 omnes
1049 1921 1186 1978 fateantur
1196 1915 1252 1992 jure

224 2007 260 2061 20
275 2002 459 2060 interfectum
473 2024 547 2075 esse,
561 2004 610 2078 qui
625 2003 786 2078 abjeceritl

314 2083 455 2140 Atetiam
477 2083 601 2140 adscribi
620 2082 706 2159 jussit
731 2083 760 2140 in
785 2080 880 2139 Fastis
903 2081 938 2139 ad
960 2077 1145 2157 Lupercalia,
1158 2094 1184 2132 c.
1202 2089 1253 2130 eu-

275 2182 536 2234 enumerarem
551 2181 723 2236 fennerno,
738 2181 770 2220 n.
786 2179 958 2233 auuourun,
974 2175 1147 2229 consutum,
1157 2168 1252 2213 eorum

274 2263 375 2315 iussn,
397 2264 526 2303 uacuum
549 2262 734 2311 percursam
756 2260 906 2299 cesanum
931 2260 984 2299 unt
1001 2255 1155 2298 nocuisse.
1193 2232 1252 2289 Jam

273 2322 333 2399 jam
348 2322 466 2381 minime
482 2324 580 2394 miror,
595 2333 622 2379 te
637 2321 728 2381 otium
751 2321 936 2397 perturbare:
966 2338 1025 2377 non
1050 2314 1134 2375 ruodb
1157 2312 1253 2370 Urbem

225 2403 260 2456 25
276 2402 381 2472 odisse,
396 2402 447 2459 sed
471 2403 559 2459 etiam
581 2403 694 2471 lucem;
717 2419 783 2458 cum
808 2398 1010 2476 perditissimis
1031 2395 1183 2455 latronibus
1202 2406 1252 2447 non

275 2479 368 2537 solum
390 2481 504 2551 dedic,
526 2480 576 2536 sed
598 2480 684 2537 etiam
708 2479 736 2536 in
758 2479 845 2549 diem,
860 2479 963 2536 vivere.
1006 2477 1064 2536 Ubi
1084 2474 1158 2532 euim
1178 2481 1205 2527 tu
1227 2468 1251 2524 iu
1351 2538 1352 2553 χ

274 2576 347 2633 pace
362 2558 522 2616 consistes?
543 2558 590 2633 qui
614 2559 694 2615 locus
709 2558 761 2616 tibi
775 2558 805 2615 in
827 2558 939 2634 legibus
962 2568 993 2615 et
1015 2558 1044 2615 in
1066 2551 1179 2633 judiciis
1198 2562 1252 2636 esse

273 2646 377 2711 potest,
391 2656 454 2711 quae
469 2648 511 2707 tu,
526 2648 665 2713 quantum
681 2638 710 2695 iu
725 2648 754 2695 te
769 2638 831 2710 luit,
846 2638 995 2695 dominatu
1010 2635 1090 2712 regio
1108 2624 1252 2689 sustullsssl

275 2712 384 2772 Ideoue
399 2715 432 2773 L.
448 2714 626 2793 Tarquinius
639 2729 770 2788 exactus,
786 2719 835 2793 Sp.
851 2717 980 2788 Cassius,
996 2715 1113 2785 Melius,
1126 2710 1164 2768 M.
1180 2706 1253 2764 Man·

223 2806 259 2861 30
274 2792 340 2864 lius,
355 2795 462 2864 necati,
477 2806 518 2867 ut,
533 2796 631 2854 multis
651 2795 722 2872 pdst·
738 2797 862 2867 saeculis,
878 2815 895 2853 a
915 2795 958 2854 Μ.
974 2792 1113 2862 Antonio,
1126 2787 1196 2866 quod
1216 2784 1252 2841 lat

275 2885 408 2940 nonest,
431 2894 482 2935 rex
508 2876 612 2933 Rornae
640 2875 885 2934 constituereturl
926 2876 986 2933 Sed
1011 2875 1048 2932 ad
1078 2867 1199 2947 auspicia
1217 2880 1252 2920 re·
1350 2897 1351 2914 r

274 2953 444 3091 deilnillilv.
487 3034 532 3092 De
546 3034 650 3111 quibus
668 3035 754 3093 rebus
776 3033 878 3091 Idibus
900 3032 1014 3093 Martiis
1036 3032 1089 3090 fuit
1110 3029 1138 3086 in
1161 3030 1250 3109 senatu

274 3111 373 3169 Cesar
388 3124 515 3184 acturus,
529 3134 635 3190 quaero,
650 3124 711 3171 tum
732 3125 763 3171 tu
785 3112 853 3189 quid
868 3113 985 3190 eg'uses.
1028 3107 1187 3171 Audiebam
1199 3118 1251 3188 qut·

223 3202 259 3257 35
274 3192 339 3249 dem
354 3202 382 3249 te
396 3203 526 3267 paratum
542 3194 663 3265 venisse,
678 3191 755 3269 qudd
777 3212 824 3249 me
838 3192 874 3250 de
888 3191 1033 3249 ementitis
1048 3184 1188 3264 auspiciis,
1200 3188 1252 3255 qul·
1349 3217 1350 3220 ¹

274 3271 327 3327 bus
342 3281 437 3328 tamen
454 3290 553 3345 parere
568 3292 688 3329 necesse
703 3282 774 3341 erat,
788 3283 904 3347 putares
917 3291 981 3328 esse
1002 3271 1153 3327 dicturum.
1192 3261 1251 3316 Sus·

274 3350 339 3406 tulit
354 3349 432 3407 illum
453 3350 529 3406 diem
551 3350 665 3409 fortuna
685 3352 783 3426 populi
804 3350 942 3408 Romani.
983 3347 1160 3407 Numeriam
1180 3350 1250 3425 luam,

274 3429 310 3485 de
326 3430 462 3504 auspiciis
482 3428 625 3505 judicium
641 3429 774 3487 interitus
790 3429 915 3487 Caesaris
929 3429 1062 3487 sustulitl
1103 3421 1159 3483 Sed
1173 3413 1250 3504 incid!

274 3507 304 3564 in
326 3508 355 3565 id
377 3524 499 3585 tempus,
521 3508 597 3584 quod
619 3508 654 3565 iis
675 3509 771 3580 rebus,
793 3509 823 3566 in
844 3528 916 3585 quas
936 3509 1067 3584 ingressa
1085 3514 1144 3563 erat
1161 3506 1250 3584 oral¹0t

224 3596 259 3649 40
274 3589 504 3662 praevertendum
526 3607 583 3645 non
605 3598 657 3645 est.
699 3587 777 3648 Quae
804 3598 855 3645 tua
876 3588 966 3664 fugat
986 3608 1050 3663 qnae
1071 3572 1251 3665 sormidonrllo

274 3666 341 3722 diel
363 3687 436 3741 quae,
458 3678 572 3743 propter
593 3666 802 3725 conscientiam
824 3668 977 3737 scelerum,
998 3661 1156 3741 desperatio
1177 3648 1250 3711 vitel

275 3741 343 3801 cum
364 3764 400 3802 ex
422 3746 470 3803 itta
492 3746 571 3821 fugit,
592 3745 737 3803 beneficio
756 3765 867 3816 eorum,
887 3746 936 3822 qui
963 3746 1050 3817 te,.si,
1065 3759 1150 3801 sanus
1173 3746 1250 3796 ew·

274 3822 385 3879 salvum
399 3842 462 3882 esse
477 3824 639 3898 voluerunt,
653 3824 730 3883 olam
744 3836 774 3883 te
787 3826 905 3884 domum
918 3824 1062 3902 recepisti.
