2775 4425
379 388 515 437 ORATIO
538 387 573 437 11.
596 386 634 437 IN
657 388 687 438 1..
712 388 925 440 CATILINAM.
1151 394 1187 451 17

157 530 185 587 la
196 530 257 607 jam
271 529 415 607 pernicies
430 541 587 589 amonstro
601 532 649 591 illo
664 542 748 609 etque
762 532 893 611 prodigio
905 533 1049 591 moenibus
1070 532 1140 609 ipsis

157 610 234 667 intra
248 610 355 667 moenie
369 611 590 687 comparabitur.
633 612 730 687 Atque
745 612 823 669 bunc
837 612 953 688 quidem
972 632 1073 680 uuum,
1089 612 1140 670 bu-

154 688 203 765 jus
217 689 284 745 belli
298 689 449 746 domestici
470 690 586 761 ducem,
601 688 663 747 sine
684 692 878 750 controversis
897 690 1028 749 vicimus.
1069 690 1138 749 Non

156 768 235 825 enim
255 768 314 843 jam
337 768 412 825 inter
431 768 523 826 latera
545 778 641 826 nostra
662 769 725 826 sica
748 768 797 826 illa
819 770 995 827 versabiturr
1023 789 1082 828 non
1107 770 1139 827 iu

157 846 280 923 Campo,
294 865 352 905 non
367 846 397 905 in
412 846 481 918 soro,
497 866 555 904 non
571 847 599 904 in
615 848 708 918 curib,
723 866 781 905 nou
796 848 921 925 denique
935 849 1011 906 intra
1028 848 1140 906 domes·
1169 846 1189 899 5

157 925 231 982 ticos
244 926 378 1001 parietes,
393 926 638 1001 pertimescemus.
681 926 762 984 Loco
776 927 824 984 ille
838 937 932 986 motus
944 938 998 1000 est,
1013 925 1081 986 edm
1095 940 1139 988 est

157 1024 194 1062 ex
209 1004 278 1061 urbe
294 1004 447 1081 depulsus:
469 1004 564 1079 paldm
583 1005 644 1080 jem
665 1024 733 1063 cum
748 1007 840 1078 hoste,
854 1006 934 1064 nullo
954 1004 1139 1083 impediente,

157 1083 264 1139 bellum
283 1083 392 1159 justum
413 1102 554 1160 geremus.
597 1084 668 1141 Sine
682 1084 771 1142 dubio
784 1084 961 1160 perdidimus
982 1086 1139 1159 bominem,

157 1162 370 1238 magnificeque
384 1163 516 1232 vicimus,
528 1161 596 1219 otim
608 1162 687 1221 illum
702 1183 739 1221 ex
752 1163 875 1221 occultis
889 1164 1001 1221 insidiis
1015 1164 1044 1222 iu
1060 1184 1141 1242 aper·

157 1253 218 1297 tum
232 1241 415 1298 latrocinium
431 1242 617 1318 conjecimus.
658 1241 751 1303 Quod
765 1240 832 1300 verb
845 1262 902 1301 non
915 1254 1067 1301 cruentum
1080 1263 1140 1301 mu·
1155 1242 1190 1297 1⁰

157 1338 274 1376 cronem
299 1318 344 1395 (ut
365 1320 468 1399 voluit)
494 1320 605 1391 extulit,
628 1318 706 1395 qubd
730 1322 801 1379 rivis
825 1322 909 1379 nobis
930 1341 1064 1399 egressus
1084 1334 1139 1393 est,

157 1397 234 1474 quod
249 1399 276 1454 ei
290 1399 395 1455 ferrum
410 1398 446 1455 de
458 1399 592 1456 manibus
602 1398 783 1469 extorsimus,
792 1398 870 1475 qudd
882 1400 1042 1457 incolumes
1051 1401 1139 1469 cives,

156 1476 234 1552 quod
249 1488 371 1534 stentem
387 1478 487 1534 urbem
502 1478 632 1552 reliquit3
654 1488 761 1553 quanto
781 1478 898 1534 tandem
920 1478 999 1535 illum
1019 1498 1140 1536 moerore

158 1556 294 1613 afflictum
310 1576 372 1613 esse
387 1567 416 1613 et
430 1556 611 1633 profligatum
626 1557 753 1631 putatisl
794 1555 880 1613 Jaoet
901 1556 948 1613 ille
969 1575 1049 1613 nune
1063 1576 1142 1632 pros·

157 1646 258 1707 natus,
272 1635 415 1707 Quirites,
430 1647 459 1693 et
474 1654 504 1692 se
519 1635 684 1710 perculsum
700 1644 784 1711 atque
800 1633 944 1711 abjectum
958 1654 1022 1692 esse
1035 1636 1139 1706 sentit;
1156 1648 1190 1702 15

93 1772 95 1776 s
157 1724 187 1771 et
200 1724 343 1790 retorquet
361 1715 462 1771 oeulos
482 1712 611 1790 profecto
626 1732 702 1790 saepe
723 1714 758 1770 ad
780 1715 857 1771 hanc
878 1714 990 1783 urbem,
1004 1734 1090 1791 quam
1103 1734 1141 1773 ex

157 1794 217 1851 suis
233 1794 364 1851 faucibus
385 1804 512 1869 ereptam
533 1812 597 1849 esso
618 1793 714 1869 luget;
735 1812 799 1869 qum
820 1793 935 1869 quidem
957 1793 1048 1851 letari
1069 1794 1139 1852 mibi

157 1872 279 1945 ridetur,
296 1872 372 1949 qudd
387 1884 496 1929 tantam
512 1881 621 1947 pestem
635 1874 802 1943 evomuerit,
818 1874 948 1948 forasque
963 1872 1125 1949 projecerit

198 1952 239 2008 ΙΙ.
271 1954 321 2023 At,
336 1952 360 2008 si
375 1951 438 2028 quis
453 1963 497 2008 est
508 1951 572 2008 talis
583 1950 696 2027 (quales
707 1971 769 2009 esse
779 1972 881 2009 omues
894 1952 1068 2030 oportebat),
1079 1952 1139 2027 qui,

158 2051 189 2087 ru
205 2032 259 2088 hoe
276 2032 346 2107 ipso,
363 2032 390 2087 in
406 2050 462 2107 quo
475 2030 599 2087 exsultat
619 2040 648 2086 et
668 2030 825 2106 triumphat
837 2030 929 2088 oratio
944 2049 1018 2101 mea,
1033 2050 1079 2087 ure
1094 2050 1141 2088 re·
1153 2037 1191 2091 20

159 2111 308 2167 hementer
323 2122 452 2179 accuset,
466 2107 544 2184 qudd
565 2119 624 2165 tam
646 2110 798 2184 capitalem
814 2110 924 2165 hostem
939 2128 997 2165 uon
1012 2128 1142 2183 compre·

159 2189 307 2246 henderim
323 2187 529 2265 potiusquam
551 2188 713 2256 emiserim;
735 2207 793 2245 non
815 2198 859 2243 est
880 2187 934 2244 ista
958 2204 1023 2242 mea
1045 2185 1141 2264 culpa,

158 2267 300 2340 Quirites,
314 2269 363 2325 sed
378 2281 547 2343 temporum.
590 2267 798 2342 interemptum
813 2285 876 2323 esse
888 2265 921 2322 L.
934 2264 1102 2335 Catilinam,
1113 2275 1143 2322 et

158 2348 327 2423 gravissimo
341 2348 482 2423 supplicio
496 2347 642 2416 affectum,
655 2345 827 2421 jampridem
840 2344 1003 2420 oportebat;
1026 2342 1111 2418 idque
1125 2361 1143 2400 a

159 2446 205 2483 me
220 2437 249 2483 et
264 2447 324 2484 mos
338 2427 488 2503 majorum,
504 2438 532 2482 et
548 2425 632 2501 hujus
654 2425 766 2501 imperii
788 2425 933 2494 severitas,
948 2435 977 2480 ot
991 2441 1037 2480 res
1049 2422 1142 2498 publi·
1154 2431 1192 2484 25

82 2518 86 2523 '
160 2525 196 2562 oa
209 2507 378 2582 postulabat.
421 2507 478 2562 Sed
494 2505 580 2581 quam
595 2505 700 2562 multos
711 2504 798 2561 luisse
811 2504 927 2580 putatis,
939 2503 998 2578 qui,
1009 2522 1072 2578 quae
1087 2521 1143 2579 ego

160 2585 311 2652 deferrem,
326 2605 384 2645 uon
405 2585 576 2642 crederentl
597 2584 682 2659 quarn
703 2585 817 2654 multos,
837 2583 896 2658 qui,
917 2593 1030 2657 propter
1051 2582 1143 2639 stulti-

68 2712 70 2716 .
160 2665 241 2734 tiam,
257 2683 313 2721 non
329 2666 483 2739 putarent?
514 2662 600 2738 qudm
622 2663 736 2733 multos,
751 2662 799 2738 qui
823 2663 911 2719 etiam
932 2661 1142 2719 defenderentl

160 2741 246 2819 quem
268 2744 381 2814 multoe,
402 2743 461 2819 qui,
482 2753 596 2818 propter
617 2743 840 2818 improbitatem,
855 2742 1003 2798 favereutl
1038 2742 1086 2797 Ao
1106 2739 1142 2809 si,

161 2822 274 2879 sublato
294 2823 351 2892 illo,
377 2822 481 2897 depelli
509 2841 526 2878 a
553 2821 633 2879 vobis
659 2841 745 2879 omne
772 2821 932 2896 periculum
958 2819 1193 2894 judicarem330

158 2899 329 2977 jampridem
344 2920 399 2977 ego
413 2901 446 2958 L.
462 2901 619 2958 Catilinam
641 2921 698 2958 non
714 2897 802 2956 modb
817 2899 931 2956 invidiae
947 2916 1028 2966 meae,
1043 2894 1144 2952 verum

161 2980 249 3036 etiarn
264 2981 338 3050 vitae,
353 2980 481 3055 periculo
495 2981 682 3037 sustulissem.
726 2979 783 3034 Sed
799 2977 866 3033 oum
882 2977 1019 3044 viderem,
1032 2973 1084 3050 (ne
1099 2993 1145 3029 vo-

162 3057 206 3115 bis
220 3060 335 3134 quidem
358 3060 492 3116 omnibus
507 3079 538 3115 re
552 3059 638 3114 etiam
653 3067 714 3112 tum
729 3054 863 3142 probata)
878 3054 903 3109 si
926 3052 1015 3140 illum,
1030 3063 1061 3108 ut
1083 3060 1145 3108 erat

100 3194 102 3199 s
161 3139 291 3203 meritus
308 3149 396 3195 morte
412 3138 589 3207 multassem,
602 3135 670 3204 fore,
683 3147 714 3192 ut
725 3134 788 3208 ejus
799 3129 1020 3202 socros,int1drd
1031 3147 1146 3206 oppres·

163 3235 221 3286 sus,
236 3207 368 3292 persequi
391 3237 448 3273 non
470 3233 600 3292 possem,
623 3233 681 3271 rem
706 3213 763 3269 huo
784 3211 900 3281 deduxi,
915 3220 947 3267 ut
967 3222 1029 3267 tum
1050 3206 1144 3284 paldm
1159 3215 1195 3271 35

73 3320 76 3330 ’
130 3347 135 3358 ,
162 3315 292 3370 pugnare
307 3297 438 3370 possetis,
454 3295 521 3351 otim
537 3296 646 3351 hostem
663 3290 761 3368 aperte
777 3291 919 3348 videretis.

202 3375 301 3436 Quem
323 3375 438 3449 quidem
461 3393 516 3449 ego
540 3373 661 3441 hostem,
684 3371 827 3440 Quirites,
851 3369 938 3446 qudrn
963 3369 1145 3425 vehementer

165 3454 231 3511 foris
245 3473 308 3510 esse
324 3453 484 3510 timendum
499 3463 609 3528 putem,
624 3452 693 3508 licet
707 3452 776 3508 hinc
791 3449 967 3525 intelligatis,
982 3446 1059 3523 qudd
1076 3444 1146 3534 illud

164 3534 250 3590 etiam
266 3531 385 3590 moleste
402 3533 470 3602 fero,
485 3530 561 3605 qudd
581 3551 616 3588 ex
641 3531 719 3588 Urbe
741 3549 842 3606 parurn
863 3527 1015 3585 comitatus
1036 3525 1146 3581 exient.

164 3612 282 3670 Utinam
298 3613 345 3668 ille
360 3631 461 3669 omnes
476 3630 576 3667 secum
590 3630 656 3667 suas
670 3611 768 3685 copias
779 3607 943 3665 eduxisset!
976 3603 1147 3679 Tongilium
1161 3611 1198 3666 40

166 3693 238 3748 mibi
259 3691 379 3759 eduxit3
401 3709 488 3764 quern
502 3709 596 3746 amare
612 3690 641 3746 iu
656 3688 794 3764 praetextd
811 3683 986 3762 [calumnia]
1003 3693 1146 3757 ooeperat3

166 3771 330 3828 Publicium
345 3781 374 3826 et
390 3769 565 3838 Munatium,
581 3785 702 3844 quorum
716 3785 755 3822 aes
769 3765 905 3834 alienum,
920 3773 1102 3820 contractum
1116 3761 1147 3818 iu

166 3849 282 3926 popina,
305 3850 415 3906 nullum
437 3848 602 3924 reipublicae
624 3856 734 3903 motum
755 3844 856 3901 afferre
876 3853 1002 3918 poterat:
1024 3840 1147 3917 reliquit,

166 3949 236 4005 quos
246 3929 337 3986 virosl
353 3938 460 4004 quanto
470 3927 564 3984 alieno
575 3945 630 3984 aere
643 3926 649 3982 !
665 3923 752 4000 qudm
763 3923 907 3980 valentes!
924 3920 1011 3998 quam
1020 3917 1147 3998 nobiles!

406 4007 456 4064 20
