2775 4425
380 350 648 401 orianorum
672 352 701 401 a.
725 353 938 403 cantantum.
1163 358 1198 415 at

205 493 292 551 VIII.
333 492 511 567 Quanquam
527 496 589 552 baec
602 496 709 565 omnia,
722 496 865 567 Quirites,
880 496 920 554 ita
933 506 1000 555 sunt
1014 514 1032 553 a
1045 516 1092 554 me
1107 496 1155 555 ad·

166 574 338 642 ministrata,
354 584 384 628 ut
402 571 530 629 Deorum
555 574 756 631 immortalium
781 589 852 633 nutu
876 589 961 650 atque
985 576 1105 633 consilio
1124 586 1154 634 ct

166 663 247 727 gesta
261 662 290 707 et
303 649 414 725 provisa
428 670 490 707 esse
505 652 662 709 videantur.
706 653 797 727 quue
821 672 887 711 curu
902 655 1069 730 conjectura
1086 673 1153 712 con·

166 730 246 803 sequi
261 748 419 805 possumus,
436 729 526 803 (qudd
542 731 587 787 vix
607 732 719 789 videtur
740 734 857 789 humani
882 734 994 791 consilii
1009 744 1151 791 tantarum

165 827 260 865 rerum
275 808 446 883 gubernatio
459 827 521 865 esse
536 810 690 886 potuisse);
713 822 773 867 tum
793 810 860 868 verb
875 812 915 869 ita
934 826 1087 888 praesentes
1107 812 1152 868 liis
1181 816 1200 871 5

165 887 339 961 temporibus
352 905 434 961 opem
449 897 478 943 et
493 886 629 943 auxilium
645 890 727 945 nobis
740 890 876 960 tulerunt,
891 902 922 947 ut
935 910 984 947 eos
997 888 1070 965 petre
1084 909 1152 947 ocu·

165 964 200 1021 lis
217 965 312 1020 videre
326 984 481 1040 possemus.
523 964 610 1035 Nam,
627 978 656 1023 ut
680 968 728 1024 illa
750 969 890 1038 omittam,
913 970 989 1026 visas
1012 981 1152 1026 nocturno

163 1054 291 1117 tempore
306 1044 342 1098 ab
355 1042 519 1099 Occidente
544 1044 622 1101 laces
637 1047 824 1119 ardoremque
846 1046 923 1117 caeli,
943 1060 975 1105 ut
999 1046 1149 1105 fulminum

168 1121 274 1196 jactus,
290 1132 320 1177 ut
334 1132 415 1179 terrae
431 1133 532 1191 motus,
549 1134 579 1179 ut
593 1135 708 1194 caetera,
722 1144 785 1199 quae
800 1138 858 1181 tam
873 1126 972 1195 multa,
987 1126 1070 1184 nobis
1084 1146 1151 1183 cou-

163 1200 283 1269 solibus,
300 1199 466 1269 factasunt,
482 1212 512 1257 ut
527 1202 598 1271 baec,
613 1221 676 1276 quae
701 1222 779 1259 nunc
803 1204 884 1273 fiunt,
899 1224 1004 1262 cauere
1028 1203 1077 1261 Dii
1099 1205 1150 1261 im·
1165 1208 1198 1259 lu

162 1279 298 1334 mortales
314 1280 494 1347 viderentur;
517 1280 571 1337 hoc
585 1280 675 1351 certe,
688 1280 832 1351 Quirites,
842 1284 917 1356 quod
932 1303 994 1339 sum
1008 1283 1150 1353 dicturus,

162 1376 257 1430 neque
272 1354 554 1431 praetermittendum,
571 1378 663 1432 neque
677 1360 895 1433 relinquendum
909 1373 961 1417 est

203 1434 231 1491 N
236 1455 281 1491 am
296 1435 422 1511 prosectis
438 1438 574 1493 memorii
589 1438 703 1507 tenetis,
718 1438 803 1493 Cottii
817 1452 846 1494 et
859 1438 1008 1512 Torquato
1027 1439 1152 1496 consuli·

163 1514 227 1583 bus,
243 1514 402 1589 complures
417 1515 445 1571 in
460 1515 603 1591 Capitolio
622 1536 667 1571 res
681 1516 717 1573 de
737 1516 811 1573 caelo
829 1536 893 1573 esse
906 1536 1066 1592 percussas,
1080 1516 1149 1574 ciam

162 1603 192 1649 et
212 1593 366 1649 simulacra
386 1592 512 1650 Deorum
535 1594 737 1651 immortalium
758 1594 876 1669 depulsa
896 1607 972 1664 sunt,
999 1606 1028 1652 et
1048 1608 1148 1651 statute
1163 1609 1197 1661 15

161 1682 291 1727 veterum
306 1672 453 1728 bominum
467 1672 596 1747 dejecte,
608 1684 636 1729 et
651 1672 746 1749 legum
761 1692 818 1730 arra
831 1672 995 1747 liquefacta
1036 1672 1149 1731 Tactus

161 1760 206 1805 est
220 1750 307 1806 etiam
322 1750 379 1819 ille,
395 1752 443 1825 qui
459 1752 534 1807 banc
550 1752 649 1808 urbem
664 1752 802 1821 condidit,
818 1751 977 1820 Romulus3
999 1770 1084 1827 quem
1106 1754 1147 1810 in·

162 1838 293 1885 auratum
305 1829 335 1886 in
346 1828 489 1904 Capitolio
498 1849 614 1905 parvum
626 1842 711 1905 atque
721 1830 885 1901 lactentem,
896 1830 1032 1887 uberibus
1042 1831 1147 1907 lupinis

161 1906 331 1978 inhiantem,
357 1907 443 1967 luisse
466 1909 643 1965 meministis
691 1909 762 1970 Quo
783 1910 899 1983 quidem
920 1921 1056 1986 tempore,
1077 1909 1145 1967 ciam

161 1986 307 2061 aruspices
321 2005 357 2043 ex
370 1987 429 2043 totd
443 1985 559 2044 Etrurii
574 1988 784 2059 convenissent,
795 1989 889 2045 credes
900 2000 985 2062 atque
1000 1988 1194 2059 incendiato

159 2074 189 2120 et
202 2064 298 2140 legum
314 2064 470 2134 interitum,
489 2076 517 2121 et
532 2066 637 2123 bellum
652 2066 737 2124 civile
751 2084 786 2123 ac
799 2068 998 2136 domesticum,
1017 2079 1046 2123 et
1059 2068 1145 2124 totius

160 2144 240 2200 urbis
254 2154 339 2219 atque
354 2144 465 2221 imperii
479 2164 614 2201 occasum
630 2144 853 2221 appropinquare
866 2146 1011 2214 dixerunt,
1025 2146 1080 2201 nisi
1095 2145 1145 2202 Dii

160 2222 344 2295 immortales
359 2225 437 2281 omni
451 2224 562 2282 ratione
575 2225 692 2301 placau,
707 2242 759 2280 suo
771 2223 890 2280 numine
909 2222 995 2299 prope
1012 2223 1071 2280 sata
1084 2223 1146 2299 ipsa

159 2301 313 2360 flexissent.

198 2381 311 2456 Itaque,
327 2382 438 2438 illorum
452 2381 604 2458 responsis,
618 2390 689 2437 tunc
703 2389 732 2437 et
745 2379 805 2438 ludi
820 2381 921 2436 decem
935 2399 985 2456 per
999 2379 1061 2438 dies
1075 2376 1143 2438 sacti
1157 2385 1194 2438 25

158 2470 241 2528 sunt;
263 2480 357 2534 neque
371 2480 417 2518 res
441 2460 508 2531 ulla,
532 2479 596 2535 quae
621 2458 657 2517 ad
680 2459 853 2535 placandum
878 2458 956 2517 Deos
978 2461 1143 2535 penideret,

157 2540 348 2614 praetermissa
362 2550 403 2596 est
415 2559 421 2595 :
444 2540 587 2613 iidemque
595 2538 751 2616 jusserunt,
762 2539 947 2596 simulacrum
957 2538 1036 2596 Jovis
1047 2539 1143 2598 facere

158 2617 261 2692 majus,
275 2629 303 2674 et
318 2618 346 2674 in
361 2619 475 2675 excelso
485 2619 635 2688 collocare,
647 2629 685 2689 et,
701 2617 801 2676 contra
812 2629 896 2694 atque
911 2617 977 2676 ante
993 2619 1094 2690 suerat,
1106 2619 1144 2676 ad

158 2694 309 2753 Orientem
323 2707 505 2754 convertere:
527 2717 562 2754 ac
576 2717 606 2754 se
620 2717 734 2774 sperare
745 2698 886 2767 dixerunt,
898 2699 922 2755 si
934 2699 1003 2755 illud
1018 2699 1142 2774 signum,

160 2775 233 2847 quod
249 2775 359 2844 videtis,
374 2776 441 2832 solis
460 2786 564 2846 ortum,
585 2788 613 2833 et
635 2777 736 2847 lorum,
761 2777 930 2850 curiamque
953 2778 1141 2852 conspiceret,
1155 2777 1192 2830 30

159 2853 227 2922 fore,
243 2864 275 2910 ut
288 2872 324 2910 ea
347 2854 476 2924 consilia,
491 2875 554 2929 quae
578 2853 653 2912 clim
676 2865 771 2913 essent
798 2855 869 2912 inita
892 2868 992 2911 contra
1020 2856 1142 2910 salutem

159 2931 245 2988 Urbis
269 2943 353 3006 atque
378 2933 498 3008 imperii,
523 2934 741 3003 illustrarentur,
766 2944 797 2990 ut
821 2951 838 2988 a
861 2942 961 2988 senatu
984 2932 1142 3006 populoque

157 3008 294 3067 Romano
306 3011 427 3086 perspici
441 3023 563 3088 possent.
606 3012 703 3084 Atque
718 3010 788 3066 illud
810 3009 849 3066 ita
863 3008 1061 3066 collocandum
1076 3028 1143 3065 con·

158 3089 234 3145 sules
249 3090 289 3146 illi
305 3089 486 3147 locaverunt:
508 3091 558 3147 sed
573 3100 653 3146 tanta
668 3088 722 3144 fuit
733 3087 827 3162 operis
850 3086 979 3154 tarditas,
994 3099 1034 3154 ut,
1048 3105 1142 3159 neque

159 3186 175 3224 a
199 3168 390 3242 superioribus
414 3169 588 3239 consulibus,
613 3186 707 3241 neque
734 3185 752 3223 a
777 3165 860 3222 nobis
884 3175 950 3220 ante
974 3164 1142 3221 bodiemum
1155 3164 1191 3216 35

159 3246 244 3316 diem,
259 3247 455 3304 collocaretur.

196 3324 251 3382 IX.
275 3324 333 3382 Hic
355 3326 418 3401 quis
441 3335 532 3402 potest
556 3344 628 3395 esse,
641 3324 785 3394 Quirites,
808 3334 867 3380 tam
892 3341 1008 3380 aversus
1028 3341 1046 3380 a
1065 3342 1141 3394 vero,

155 3413 214 3459 tam
229 3423 364 3479 praeceps,
379 3415 438 3461 tam
453 3415 549 3461 mente
563 3414 672 3480 captus,
687 3404 736 3478 qui
750 3414 846 3478 neget,
871 3403 934 3460 haec
956 3402 1063 3472 omnia,
1078 3421 1141 3475 quae

154 3481 295 3553 videmus,
320 3482 521 3558 praecipueque
545 3484 621 3540 banc
648 3484 758 3552 urbem,
783 3482 910 3540 Deorum
938 3481 1140 3538 immortalium

155 3572 226 3617 nutu
237 3571 321 3637 atque
330 3572 468 3636 potestate
478 3562 692 3619 administrarit
733 3561 859 3630 Etenim,
875 3559 941 3616 crim
957 3570 1031 3616 esset
1046 3559 1085 3616 ita
1099 3579 1142 3617 re·
1153 3557 1190 3610 40

155 3658 300 3714 sponsum,
328 3639 433 3711 cedes,
462 3641 607 3710 incendia,
635 3640 838 3713 interitumque
872 3637 1037 3713 reipublice
1066 3657 1142 3695 com-

153 3718 258 3794 parari,
285 3717 327 3794 [et
351 3737 386 3775 ea
408 3739 458 3794 per
483 3719 584 3798 cives,]
607 3739 669 3792 quae
693 3730 754 3775 tum
777 3728 889 3792 propter
912 3716 1140 3792 magnitudinem

154 3797 297 3853 scelerum
326 3798 470 3854 nonnullis
498 3797 679 3855 incredibilia
705 3795 892 3864 videbantur3
922 3813 957 3851 ea
978 3815 1034 3852 non
1055 3795 1139 3854 modii

154 3876 280 3952 cogitata
295 3895 312 3933 a
326 3877 444 3934 nefariis
459 3876 579 3947 civibus,
595 3873 693 3933 verbm
708 3875 795 3931 etiam
809 3886 951 3950 suscepta,
962 3893 1024 3931 esse
1038 3875 1141 3931 sensis·
