2775 4425
191 361 248 418 158
475 361 612 411 ORATIO
635 361 671 411 IN
696 361 733 410 Μ.
755 361 960 412 ANTONIUM.

236 513 265 561 et
278 513 384 579 quanta
406 504 538 562 barbaria
551 507 613 563 estl
655 505 783 582 Agmine
804 505 945 580 quadrato
965 525 1032 563 cum
1054 505 1159 582 gladiis
1183 526 1231 564 se-

235 593 360 656 quantur
374 583 498 640 milites:
526 595 673 641 scutorum
694 585 813 641 lecticas
827 585 932 659 portari
947 585 1085 642 videmus.
1128 587 1230 660 Atque

235 661 280 717 his
299 661 413 736 quidem
432 662 491 737 jam
514 663 688 732 inveteratis,
705 663 804 718 Patres
825 662 1000 738 Conscripti,
1015 665 1229 720 consuetudine

235 740 431 797 obduruimus.
473 741 611 799 Calendis
632 741 730 798 Juniis
743 738 811 798 calm
825 741 855 797 in
874 753 1006 798 senatum
1022 742 1068 818 (ut
1081 752 1142 798 erat
1156 762 1229 799 con·

202 819 221 870 5
235 818 380 898 stitutum)
396 818 494 876 venire
505 820 652 890 vellemus,
667 831 745 876 metu
755 820 898 895 perterriti
913 820 1031 896 repente
1046 819 1225 897 diffugimus.

275 897 316 955 At
338 898 401 968 iste,
424 898 473 973 qui
494 909 597 956 senatu
619 917 677 956 non
699 908 807 975 egeret,
822 917 916 975 neque
940 899 1112 956 desideravit
1134 917 1228 974 quen·

235 994 331 1050 quam,
346 986 375 1033 et
395 976 490 1052 potids
511 976 639 1034 discessu
663 987 760 1034 nostro
781 976 893 1035 laetatus
913 987 976 1047 est;
1007 978 1159 1053 statimque
1174 978 1228 1035 illa

235 1054 378 1112 mirabilia
400 1055 529 1112 facinora
550 1057 655 1114 effecit.
696 1055 759 1116 Qui
780 1054 971 1133 chIrographa
985 1055 1110 1113 Caesaris
1123 1056 1227 1113 defen-

235 1132 322 1190 disset
337 1132 409 1190 lucri
423 1133 468 1191 sui
489 1135 588 1206 causti,
603 1134 628 1192 is
648 1134 727 1210 leges
740 1134 875 1206 Caesaris,
895 1153 1001 1210 easque
1015 1135 1175 1210 preclaras,
1191 1148 1227 1194 ut

189 1205 221 1260 10
236 1212 443 1288 rempublicam
458 1223 613 1270 concutere
634 1223 739 1290 posset,
753 1214 863 1272 evertit.
904 1213 1066 1270 Numerum
1081 1233 1225 1270 annorum

235 1290 390 1365 provinciis
408 1292 585 1368 prorogavit:
617 1292 760 1367 idemque,
782 1291 849 1350 crim
875 1302 1004 1350 actorum
1026 1292 1151 1350 Caesaris
1175 1293 1227 1349 de-

237 1369 331 1427 fensor
344 1388 408 1426 esse
428 1371 556 1443 deberet,
578 1380 607 1427 et
629 1371 657 1428 in
672 1370 796 1445 publicis
817 1385 847 1430 et
861 1370 890 1427 in
912 1371 1029 1446 privatis
1050 1371 1135 1427 rebus
1157 1381 1227 1428 acta

236 1448 361 1506 Caesaris
385 1449 509 1508 rescidit.
565 1449 600 1507 In
627 1449 751 1526 publicis
775 1451 847 1508 nihil
873 1459 917 1507 est
941 1450 1005 1526 lege
1028 1449 1159 1526 gravius;
1194 1452 1225 1507 in

235 1528 353 1603 privatis
380 1528 572 1586 firmissimum
600 1539 643 1586 est
669 1538 882 1586 testamentum.
939 1528 1034 1604 Leges
1061 1528 1132 1585 alias
1158 1527 1225 1585 sine

189 1608 221 1661 15
237 1606 463 1684 promulgatione
477 1607 609 1666 sustulit:
640 1607 710 1664 alias
724 1616 755 1663 ut
775 1609 897 1674 tolleret,
909 1607 1108 1683 promulgavit.
1149 1606 1227 1664 Tes-

236 1695 395 1742 tamentum
421 1686 530 1743 irritum
546 1686 630 1756 lecit3
659 1685 736 1761 quod
757 1687 843 1744 etiam
859 1685 965 1743 infimis
985 1686 1097 1742 civibus
1110 1704 1225 1761 semper

234 1763 384 1820 obtentum
398 1775 450 1820 est.
501 1765 602 1840 Signa,
624 1765 746 1835 tabulas,
760 1785 832 1840 quas
845 1765 949 1841 populo
969 1765 1067 1821 Caesar
1081 1765 1141 1821 und
1156 1784 1224 1822 cnm

235 1841 324 1897 hortis
345 1841 460 1917 legavit,
481 1861 530 1899 eas
553 1843 600 1901 hic
623 1843 726 1918 partim
750 1844 779 1901 in
795 1846 890 1902 hortos
912 1843 1040 1918 Pompeii
1053 1843 1214 1918 deportavit

235 1919 336 1994 partim
353 1919 381 1975 in
396 1921 492 1977 villam
507 1921 661 1998 Scipionis.

185 2004 220 2056 ⁸20
274 1996 389 2056 XLIII.
431 1999 469 2056 Et
479 2011 510 2057 tu
521 1999 551 2057 in
563 2001 687 2058 (laseris
698 2002 836 2059 memorial
848 2001 988 2079 diligensl
1010 2010 1040 2058 tu
1052 2000 1131 2057 illum
1144 2019 1225 2057 amas

235 2080 401 2134 mortuuml
452 2079 551 2140 Quem
579 2079 604 2136 is
628 2079 764 2156 majorem
789 2082 925 2138 honorem
954 2090 1127 2137 consecutus
1151 2088 1224 2149 erat,

235 2154 321 2231 quam
336 2167 367 2215 ut
378 2131 500 2217 baberet
518 2158 658 2235 pulvinar,
673 2159 870 2232 simulacrum,
886 2159 1041 2235 fastigium,
1056 2157 1224 2216 flamineml

237 2234 290 2292 Est
304 2256 372 2314 ergo
387 2238 501 2310 llamcn,
515 2251 545 2296 ut
558 2239 633 2309 Iovi,
646 2250 677 2296 ut
690 2238 788 2310 Marti,
804 2253 835 2297 ut
847 2240 984 2310 Quirino,
999 2238 1041 2296 sic
1056 2237 1130 2295 Divo
1144 2237 1226 2295 Iulio

238 2312 279 2371 M.
301 2317 469 2374 Antonius?
510 2318 592 2379 Quid
615 2318 701 2394 igitur
722 2320 841 2376 cessasl
873 2338 924 2375 cur
945 2338 1002 2376 non
1027 2303 1225 2393 inaugurarel

186 2396 222 2449 25
237 2412 318 2450 sume
329 2396 423 2451 diem:
445 2397 520 2466 vide,
542 2396 591 2471 qui
605 2408 632 2453 te
656 2396 816 2473 inauguret.
856 2397 984 2473 Collegae
998 2414 1115 2465 sumns3
1138 2414 1226 2452 nemo

237 2471 363 2546 negabit.
404 2472 433 2530 Ο
447 2474 644 2531 detestabilem
668 2476 822 2547 hominem,
837 2476 896 2533 sive
909 2474 986 2551 quaid
1000 2473 1114 2550 tyranni
1129 2492 1227 2530 sacer·

236 2548 341 2619 doses,
357 2550 416 2607 sive
430 2550 506 2625 qudd
521 2553 641 2611 mortuil
682 2554 793 2615 Quaero
811 2554 959 2630 deinceps,
973 2573 1053 2624 num,
1068 2552 1227 2610 hodiernus

236 2625 297 2681 dies
311 2628 360 2701 qui
374 2627 420 2699 eit,
436 2629 572 2705 ignoresl
604 2633 701 2689 nescis
722 2631 783 2690 herl
797 2644 928 2709 quartum
944 2633 973 2689 in
988 2632 1075 2689 Circo
1089 2630 1167 2687 diem
1181 2631 1226 2688 lu·

236 2704 337 2761 dorum
361 2706 559 2766 Romanorum
585 2710 690 2769 suissel
725 2722 754 2768 te
779 2712 871 2786 ipsum
899 2728 994 2768 aurem
1022 2710 1057 2766 ad
1085 2710 1226 2786 populum

185 2784 220 2836 ³0
236 2782 344 2853 tulisse,
359 2795 391 2842 ut
412 2786 529 2862 quintus
548 2801 685 2864 praeterea
709 2789 771 2847 dies
785 2790 894 2847 Caesari
919 2790 1112 2847 tribuereturl
1162 2787 1227 2846 Cur

236 2880 293 2917 non
309 2882 408 2922 sumus
422 2868 601 2941 praetextatil
622 2866 674 2924 cur
688 2868 836 2939 honorem,
851 2868 959 2925 Coesari
973 2868 1023 2923 tud
1038 2867 1101 2943 lege
1112 2866 1225 2938 datum,

236 2941 330 2998 deseri
354 2945 495 3018 patimurl
544 2948 593 3003 An
615 2946 849 3022 supplicationes,
872 2945 1004 3003 addendo
1023 2946 1111 3015 diem,
1126 2955 1227 3002 conta·

236 3019 339 3077 minari
353 3042 453 3097 passus
468 3044 515 3094 es;
536 3025 697 3100 pulvinaria
717 3025 855 3082 noluisti?
896 3025 958 3083 Aut
971 3024 1097 3099 undique
1111 3023 1227 3099 religio-

236 3117 302 3155 nem
318 3100 394 3171 tolle,
409 3113 458 3159 aut
472 3122 673 3178 usquequaque
687 3122 834 3160 conserva.

186 3188 222 3243 35
275 3177 408 3250 Quaeres,
422 3181 574 3255 placeatne
585 3182 655 3237 mihi
666 3182 797 3257 pulvinar
807 3200 880 3252 esse,
895 3180 1051 3257 fastigium,
1066 3179 1224 3237 flaminem.

237 3254 312 3313 Mihi
334 3255 399 3314 vero
422 3259 494 3315 nihil
516 3254 633 3317 istorum
655 3260 758 3335 placet.
801 3260 859 3317 Sed
882 3271 923 3329 tu,
941 3260 990 3334 qui
1012 3270 1078 3315 acta
1099 3257 1226 3315 Caesaris

237 3334 378 3406 delendis
389 3336 455 3410 quid
471 3348 551 3411 potes
565 3337 672 3407 dicere,
684 3357 736 3395 cur
751 3339 807 3395 alia
817 3338 965 3405 delendas,
978 3338 1034 3395 alia
1045 3356 1103 3395 non
1115 3338 1223 3393 curesl

237 3413 291 3469 nisi
308 3412 379 3472 forte
394 3415 436 3471 vis
451 3414 541 3484 lateri,
558 3426 584 3471 te
603 3416 701 3471 omnia
713 3427 822 3491 quaestu
837 3427 895 3488 tuo,
911 3436 968 3473 non
984 3416 1058 3473 illins
1072 3415 1224 3490 dignitate,

237 3492 340 3549 metiri.
380 3492 461 3553 Quid
478 3493 513 3549 ad
536 3494 599 3551 haec
621 3494 759 3551 tandeml
788 3505 924 3570 exspecto
938 3493 1015 3551 enim
1029 3493 1225 3567 eloquentiam

187 3568 222 3621 40
237 3581 324 3628 tuarn.
366 3570 592 3628 Disertissimum
607 3573 729 3648 cognovi
741 3591 824 3630 avum
839 3584 937 3629 tuom:
960 3582 988 3629 at
1000 3582 1027 3629 te
1040 3572 1127 3628 etiam
1143 3590 1225 3645 aper·

236 3648 337 3707 tiorem
353 3650 382 3706 in
404 3650 536 3707 dicendo.
586 3650 639 3708 Ille
661 3669 808 3725 nunquam
830 3652 926 3707 nudus
948 3660 992 3707 est
1013 3648 1223 3706 concionatus:

237 3735 316 3783 tuum
334 3728 456 3786 hominis
477 3728 614 3804 simplicis
634 3740 736 3804 pectus
751 3729 882 3785 vidimus.
924 3726 1165 3804 Respondebisne
1187 3726 1225 3782 ad

237 3802 320 3859 haecl
342 3818 390 3862 aut
404 3806 521 3863 omnino
533 3808 644 3863 hiscere
660 3808 798 3863 audebisl
840 3806 953 3882 Ecquid
968 3804 1102 3880 reperies,
1113 3822 1150 3861 ex
1164 3813 1225 3859 tam

237 3877 323 3951 longa
336 3882 464 3937 oratione
479 3885 553 3952 merl,
569 3884 616 3941 cui
631 3894 659 3941 te
679 3884 853 3960 respondere
876 3902 959 3959 posse
973 3881 1123 3939 coufidasl
1164 3880 1225 3939 Sed

187 3958 221 4008 ⁴5
239 3954 380 4021 praeterita
393 3957 565 4014 omittamus.
