<?xml version="1.0" encoding="UTF-8"?>
<!DOCTYPE html PUBLIC "-//W3C//DTD XHTML 1.0 Transitional//EN"
    "http://www.w3.org/TR/xhtml1/DTD/xhtml1-transitional.dtd">
<html xmlns="http://www.w3.org/1999/xhtml" xml:lang="en" lang="en">
 <head>
  <title>
</title>
<meta http-equiv="Content-Type" content="text/html;charset=utf-8" />
  <meta name='ocr-system' content='tesseract 3.04.00' />
  <meta name='ocr-capabilities' content='ocr_page ocr_carea ocr_par ocr_line ocrx_word'/>
</head>
<body>
  <div class='ocr_page' id='page_1' title='image "./mtciceronisorat00folsgoog/mtciceronisorat00folsgoog_0144.png"; bbox 0 0 2775 4425; ppageno 0'>
   <div class='ocr_carea' id='block_1_1' title="bbox 205 375 972 440">
    <p class='ocr_par' dir='ltr' id='par_1_1' title="bbox 205 375 972 440">
     <span class='ocr_line' id='line_1_1' title="bbox 205 375 972 440; baseline 0.004 -13"><span class='ocrx_word' id='word_1_1' title='bbox 205 379 262 438; x_wconf 80' lang='lat'>138</span> <span class='ocrx_word' id='word_1_2' title='bbox 493 375 628 426; x_wconf 81' lang='lat' dir='ltr'>ORATIO</span> <span class='ocrx_word' id='word_1_3' title='bbox 651 375 688 426; x_wconf 89' lang='lat' dir='ltr'>IN</span> <span class='ocrx_word' id='word_1_4' title='bbox 711 377 749 426; x_wconf 87' lang='grc' dir='ltr'>Μ.</span> <span class='ocrx_word' id='word_1_5' title='bbox 772 376 972 440; x_wconf 59' lang='lat' dir='ltr'>ausonium</span> 
     </span>
    </p>
   </div>
   <div class='ocr_carea' id='block_1_2' title="bbox 194 519 1240 3975">
    <p class='ocr_par' dir='ltr' id='par_1_2' title="bbox 203 519 1240 1771">
     <span class='ocr_line' id='line_1_2' title="bbox 251 519 1239 598; baseline 0.001 -21"><span class='ocrx_word' id='word_1_6' title='bbox 251 519 363 577; x_wconf 92' lang='lat' dir='ltr'>simum.</span> <span class='ocrx_word' id='word_1_7' title='bbox 403 519 481 581; x_wconf 69' lang='lat' dir='ltr'>Quae</span> <span class='ocrx_word' id='word_1_8' title='bbox 501 520 579 578; x_wconf 87' lang='lat' dir='ltr'>enim</span> <span class='ocrx_word' id='word_1_9' title='bbox 600 539 646 577; x_wconf 90' lang='lat' dir='ltr'>res</span> <span class='ocrx_word' id='word_1_10' title='bbox 665 539 792 595; x_wconf 90' lang='lat' dir='ltr'>unquam</span> <span class='ocrx_word' id='word_1_11' title='bbox 808 520 881 597; x_wconf 91' lang='lat' dir='ltr'>(pro,</span> <span class='ocrx_word' id='word_1_12' title='bbox 901 529 1001 577; x_wconf 88' lang='lat' dir='ltr'>sancte</span> <span class='ocrx_word' id='word_1_13' title='bbox 1019 519 1131 596; x_wconf 87' lang='lat' dir='ltr'>Jupiter</span> <span class='ocrx_word' id='word_1_14' title='bbox 1142 520 1165 598; x_wconf 82' lang='lat' dir='ltr'>l)</span> <span class='ocrx_word' id='word_1_15' title='bbox 1182 539 1239 578; x_wconf 88' lang='lat' dir='ltr'>non</span> 
     </span>
     <span class='ocr_line' id='line_1_3' title="bbox 250 597 1240 675; baseline 0.001 -21"><span class='ocrx_word' id='word_1_16' title='bbox 250 597 335 655; x_wconf 84' lang='lat' dir='ltr'>modd</span> <span class='ocrx_word' id='word_1_17' title='bbox 356 598 386 656; x_wconf 91' lang='lat' dir='ltr'>in</span> <span class='ocrx_word' id='word_1_18' title='bbox 407 599 462 656; x_wconf 85' lang='lat' dir='ltr'>hac</span> <span class='ocrx_word' id='word_1_19' title='bbox 482 599 564 669; x_wconf 88' lang='lat' dir='ltr'>urbe,</span> <span class='ocrx_word' id='word_1_20' title='bbox 578 599 630 656; x_wconf 89' lang='lat' dir='ltr'>sed</span> <span class='ocrx_word' id='word_1_21' title='bbox 650 599 679 657; x_wconf 90' lang='lat' dir='ltr'>in</span> <span class='ocrx_word' id='word_1_22' title='bbox 700 599 833 666; x_wconf 86' lang='lat' dir='ltr'>omnibus</span> <span class='ocrx_word' id='word_1_23' title='bbox 852 599 945 668; x_wconf 89' lang='lat' dir='ltr'>terris,</span> <span class='ocrx_word' id='word_1_24' title='bbox 964 609 1008 656; x_wconf 88' lang='lat' dir='ltr'>est</span> <span class='ocrx_word' id='word_1_25' title='bbox 1027 609 1109 675; x_wconf 87' lang='lat' dir='ltr'>gesta</span> <span class='ocrx_word' id='word_1_26' title='bbox 1129 598 1240 674; x_wconf 86' lang='lat' dir='ltr'>majorl</span> 
     </span>
     <span class='ocr_line' id='line_1_4' title="bbox 250 677 1239 754; baseline 0.001 -22"><span class='ocrx_word' id='word_1_27' title='bbox 250 695 313 752; x_wconf 85' lang='lat' dir='ltr'>quae</span> <span class='ocrx_word' id='word_1_28' title='bbox 334 677 504 754; x_wconf 70' lang='lat' dir='ltr'>gloriosior?</span> <span class='ocrx_word' id='word_1_29' title='bbox 524 696 587 751; x_wconf 82' lang='lat' dir='ltr'>quae</span> <span class='ocrx_word' id='word_1_30' title='bbox 608 677 833 735; x_wconf 76' lang='lat' dir='ltr'>commendatior</span> <span class='ocrx_word' id='word_1_31' title='bbox 853 678 908 734; x_wconf 91' lang='lat' dir='ltr'>erit</span> <span class='ocrx_word' id='word_1_32' title='bbox 925 677 1074 734; x_wconf 91' lang='lat' dir='ltr'>hominum</span> <span class='ocrx_word' id='word_1_33' title='bbox 1094 678 1239 734; x_wconf 76' lang='lat' dir='ltr'>memorie</span> 
     </span>
     <span class='ocr_line' id='line_1_5' title="bbox 250 755 1239 831; baseline 0.001 -21"><span class='ocrx_word' id='word_1_34' title='bbox 250 756 450 831; x_wconf 80' lang='lat' dir='ltr'>sempitemae‘l</span> <span class='ocrx_word' id='word_1_35' title='bbox 484 755 519 812; x_wconf 94' lang='lat' dir='ltr'>In</span> <span class='ocrx_word' id='word_1_36' title='bbox 542 755 626 831; x_wconf 83' lang='lat' dir='ltr'>hujus</span> <span class='ocrx_word' id='word_1_37' title='bbox 646 774 693 812; x_wconf 90' lang='lat' dir='ltr'>me</span> <span class='ocrx_word' id='word_1_38' title='bbox 713 765 745 812; x_wconf 92' lang='lat' dir='ltr'>tu</span> <span class='ocrx_word' id='word_1_39' title='bbox 766 755 879 812; x_wconf 90' lang='lat' dir='ltr'>consilii</span> <span class='ocrx_word' id='word_1_40' title='bbox 902 756 1080 825; x_wconf 82' lang='lat' dir='ltr'>societatem,</span> <span class='ocrx_word' id='word_1_41' title='bbox 1100 765 1239 829; x_wconf 90' lang='lat' dir='ltr'>tanquam</span> 
     </span>
     <span class='ocr_line' id='line_1_6' title="bbox 218 831 1239 911; baseline 0 -21"><span class='ocrx_word' id='word_1_42' title='bbox 218 831 281 891; x_wconf 88' lang='lat' dir='ltr'>5in</span> <span class='ocrx_word' id='word_1_43' title='bbox 295 852 401 908; x_wconf 88' lang='lat' dir='ltr'>equum</span> <span class='ocrx_word' id='word_1_44' title='bbox 420 833 592 910; x_wconf 87' lang='lat' dir='ltr'>Trojanum,</span> <span class='ocrx_word' id='word_1_45' title='bbox 607 853 673 892; x_wconf 89' lang='lat' dir='ltr'>cum</span> <span class='ocrx_word' id='word_1_46' title='bbox 695 835 873 911; x_wconf 89' lang='lat' dir='ltr'>principibus</span> <span class='ocrx_word' id='word_1_47' title='bbox 894 834 1041 891; x_wconf 88' lang='lat' dir='ltr'>includisl</span> <span class='ocrx_word' id='word_1_48' title='bbox 1074 833 1142 890; x_wconf 90' lang='lat' dir='ltr'>Non</span> <span class='ocrx_word' id='word_1_49' title='bbox 1157 853 1239 891; x_wconf 90' lang='lat' dir='ltr'>recu-</span> 
     </span>
     <span class='ocr_line' id='line_1_7' title="bbox 250 912 1239 989; baseline -0.001 -19"><span class='ocrx_word' id='word_1_50' title='bbox 250 930 299 970; x_wconf 91' lang='lat' dir='ltr'>so:</span> <span class='ocrx_word' id='word_1_51' title='bbox 322 931 376 988; x_wconf 86' lang='lat' dir='ltr'>ago</span> <span class='ocrx_word' id='word_1_52' title='bbox 395 914 482 970; x_wconf 86' lang='lat' dir='ltr'>etiam</span> <span class='ocrx_word' id='word_1_53' title='bbox 502 913 619 989; x_wconf 81' lang='lat' dir='ltr'>gratias,</span> <span class='ocrx_word' id='word_1_54' title='bbox 634 931 747 988; x_wconf 90' lang='lat' dir='ltr'>quoquo</span> <span class='ocrx_word' id='word_1_55' title='bbox 768 913 864 970; x_wconf 91' lang='lat' dir='ltr'>animo</span> <span class='ocrx_word' id='word_1_56' title='bbox 883 913 972 982; x_wconf 85' lang='lat' dir='ltr'>sacis;</span> <span class='ocrx_word' id='word_1_57' title='bbox 992 921 1073 969; x_wconf 85' lang='lat' dir='ltr'>tanta</span> <span class='ocrx_word' id='word_1_58' title='bbox 1092 912 1171 969; x_wconf 90' lang='lat' dir='ltr'>enim</span> <span class='ocrx_word' id='word_1_59' title='bbox 1193 931 1239 969; x_wconf 89' lang='lat' dir='ltr'>res</span> 
     </span>
     <span class='ocr_line' id='line_1_8' title="bbox 250 991 1238 1066; baseline -0.001 -18"><span class='ocrx_word' id='word_1_60' title='bbox 250 1001 303 1062; x_wconf 89' lang='lat' dir='ltr'>est,</span> <span class='ocrx_word' id='word_1_61' title='bbox 324 1002 356 1048; x_wconf 85' lang='lat' dir='ltr'>ut</span> <span class='ocrx_word' id='word_1_62' title='bbox 378 991 514 1050; x_wconf 89' lang='lat' dir='ltr'>invidiam</span> <span class='ocrx_word' id='word_1_63' title='bbox 536 992 629 1063; x_wconf 91' lang='lat' dir='ltr'>istam,</span> <span class='ocrx_word' id='word_1_64' title='bbox 651 1009 738 1066; x_wconf 89' lang='lat' dir='ltr'>quam</span> <span class='ocrx_word' id='word_1_65' title='bbox 757 999 790 1047; x_wconf 91' lang='lat' dir='ltr'>tu</span> <span class='ocrx_word' id='word_1_66' title='bbox 810 991 840 1048; x_wconf 92' lang='lat' dir='ltr'>in</span> <span class='ocrx_word' id='word_1_67' title='bbox 859 1009 907 1048; x_wconf 90' lang='lat' dir='ltr'>me</span> <span class='ocrx_word' id='word_1_68' title='bbox 927 991 970 1048; x_wconf 85' lang='lat' dir='ltr'>vis</span> <span class='ocrx_word' id='word_1_69' title='bbox 991 991 1147 1061; x_wconf 85' lang='lat' dir='ltr'>concitare,</span> <span class='ocrx_word' id='word_1_70' title='bbox 1170 1009 1238 1048; x_wconf 89' lang='lat' dir='ltr'>cum</span> 
     </span>
     <span class='ocr_line' id='line_1_9' title="bbox 250 1069 1017 1146; baseline 0 -20"><span class='ocrx_word' id='word_1_71' title='bbox 250 1069 335 1126; x_wconf 91' lang='lat' dir='ltr'>laude</span> <span class='ocrx_word' id='word_1_72' title='bbox 349 1089 406 1127; x_wconf 89' lang='lat' dir='ltr'>non</span> <span class='ocrx_word' id='word_1_73' title='bbox 421 1088 592 1146; x_wconf 89' lang='lat' dir='ltr'>comparem.</span> <span class='ocrx_word' id='word_1_74' title='bbox 1011 1133 1017 1140; x_wconf 55' lang='grc'>,</span> 
     </span>
     <span class='ocr_line' id='line_1_10' title="bbox 288 1146 1239 1224; baseline -0.004 -16"><span class='ocrx_word' id='word_1_75' title='bbox 288 1147 371 1208; x_wconf 79' lang='lat' dir='ltr'>Quid</span> <span class='ocrx_word' id='word_1_76' title='bbox 385 1149 463 1206; x_wconf 85' lang='lat' dir='ltr'>enim</span> <span class='ocrx_word' id='word_1_77' title='bbox 478 1148 590 1205; x_wconf 86' lang='lat' dir='ltr'>beatius</span> <span class='ocrx_word' id='word_1_78' title='bbox 604 1147 670 1218; x_wconf 88' lang='lat' dir='ltr'>illis,</span> <span class='ocrx_word' id='word_1_79' title='bbox 684 1166 756 1222; x_wconf 91' lang='lat' dir='ltr'>quos</span> <span class='ocrx_word' id='word_1_80' title='bbox 769 1157 800 1204; x_wconf 89' lang='lat' dir='ltr'>tu</span> <span class='ocrx_word' id='word_1_81' title='bbox 814 1147 944 1224; x_wconf 83' lang='lat' dir='ltr'>expulsos</span> <span class='ocrx_word' id='word_1_82' title='bbox 965 1166 983 1204; x_wconf 92' lang='lat' dir='ltr'>a</span> <span class='ocrx_word' id='word_1_83' title='bbox 1002 1156 1031 1204; x_wconf 78' lang='lat' dir='ltr'>tc</span> <span class='ocrx_word' id='word_1_84' title='bbox 1050 1146 1191 1223; x_wconf 84' lang='lat' dir='ltr'>praedicas</span> <span class='ocrx_word' id='word_1_85' title='bbox 1208 1157 1239 1204; x_wconf 85' lang='lat' dir='ltr'>et</span> 
     </span>
     <span class='ocr_line' id='line_1_11' title="bbox 204 1225 1239 1302; baseline -0.001 -20"><span class='ocrx_word' id='word_1_86' title='bbox 204 1228 236 1282; x_wconf 91' lang='grc'>10</span> <span class='ocrx_word' id='word_1_87' title='bbox 250 1225 413 1302; x_wconf 69' lang='lat' dir='ltr'>relegatos&#39;l</span> <span class='ocrx_word' id='word_1_88' title='bbox 433 1227 483 1301; x_wconf 91' lang='lat' dir='ltr'>qui</span> <span class='ocrx_word' id='word_1_89' title='bbox 496 1226 576 1284; x_wconf 92' lang='lat' dir='ltr'>locus</span> <span class='ocrx_word' id='word_1_90' title='bbox 596 1236 640 1284; x_wconf 86' lang='lat' dir='ltr'>est</span> <span class='ocrx_word' id='word_1_91' title='bbox 661 1238 710 1282; x_wconf 85' lang='lat' dir='ltr'>aut</span> <span class='ocrx_word' id='word_1_92' title='bbox 729 1236 789 1282; x_wconf 91' lang='lat' dir='ltr'>tam</span> <span class='ocrx_word' id='word_1_93' title='bbox 809 1227 948 1296; x_wconf 87' lang='lat' dir='ltr'>desertus,</span> <span class='ocrx_word' id='word_1_94' title='bbox 964 1235 1013 1282; x_wconf 91' lang='lat' dir='ltr'>aut</span> <span class='ocrx_word' id='word_1_95' title='bbox 1032 1235 1092 1282; x_wconf 91' lang='lat' dir='ltr'>tam</span> <span class='ocrx_word' id='word_1_96' title='bbox 1106 1226 1239 1282; x_wconf 91' lang='lat' dir='ltr'>inhuma-</span> 
     </span>
     <span class='ocr_line' id='line_1_12' title="bbox 250 1303 1238 1380; baseline -0.001 -18"><span class='ocrx_word' id='word_1_97' title='bbox 250 1323 314 1374; x_wconf 92' lang='lat' dir='ltr'>nus,</span> <span class='ocrx_word' id='word_1_98' title='bbox 336 1305 385 1379; x_wconf 92' lang='lat' dir='ltr'>qui</span> <span class='ocrx_word' id='word_1_99' title='bbox 413 1305 484 1376; x_wconf 93' lang='lat' dir='ltr'>illos,</span> <span class='ocrx_word' id='word_1_100' title='bbox 506 1303 563 1380; x_wconf 80' lang='lat' dir='ltr'>qud</span> <span class='ocrx_word' id='word_1_101' title='bbox 592 1304 776 1375; x_wconf 85' lang='lat' dir='ltr'>accesserint,</span> <span class='ocrx_word' id='word_1_102' title='bbox 797 1324 854 1362; x_wconf 91' lang='lat' dir='ltr'>non</span> <span class='ocrx_word' id='word_1_103' title='bbox 883 1305 964 1361; x_wconf 82' lang='lat' dir='ltr'>affari</span> <span class='ocrx_word' id='word_1_104' title='bbox 992 1315 1077 1379; x_wconf 89' lang='lat' dir='ltr'>atque</span> <span class='ocrx_word' id='word_1_105' title='bbox 1104 1315 1238 1380; x_wconf 84' lang='lat' dir='ltr'>appetere</span> 
     </span>
     <span class='ocr_line' id='line_1_13' title="bbox 250 1381 1238 1460; baseline -0.001 -21"><span class='ocrx_word' id='word_1_106' title='bbox 250 1384 401 1441; x_wconf 85' lang='lat' dir='ltr'>videaturl</span> <span class='ocrx_word' id='word_1_107' title='bbox 429 1385 479 1460; x_wconf 91' lang='lat' dir='ltr'>qui</span> <span class='ocrx_word' id='word_1_108' title='bbox 500 1383 630 1441; x_wconf 89' lang='lat' dir='ltr'>homines</span> <span class='ocrx_word' id='word_1_109' title='bbox 649 1392 709 1440; x_wconf 86' lang='lat' dir='ltr'>tam</span> <span class='ocrx_word' id='word_1_110' title='bbox 730 1393 866 1459; x_wconf 79' lang='lat' dir='ltr'>agrestae,</span> <span class='ocrx_word' id='word_1_111' title='bbox 887 1383 937 1457; x_wconf 90' lang='lat' dir='ltr'>qui</span> <span class='ocrx_word' id='word_1_112' title='bbox 964 1402 1005 1454; x_wconf 93' lang='lat' dir='ltr'>se,</span> <span class='ocrx_word' id='word_1_113' title='bbox 1026 1381 1095 1439; x_wconf 79' lang='lat' dir='ltr'>crim</span> <span class='ocrx_word' id='word_1_114' title='bbox 1116 1402 1166 1439; x_wconf 89' lang='lat' dir='ltr'>eos</span> <span class='ocrx_word' id='word_1_115' title='bbox 1190 1384 1238 1438; x_wconf 94' lang='lat' dir='ltr'>ad·</span> 
     </span>
     <span class='ocr_line' id='line_1_14' title="bbox 250 1462 1239 1538; baseline 0 -20"><span class='ocrx_word' id='word_1_116' title='bbox 250 1463 404 1538; x_wconf 87' lang='lat' dir='ltr'>spexerint,</span> <span class='ocrx_word' id='word_1_117' title='bbox 418 1483 475 1520; x_wconf 89' lang='lat' dir='ltr'>non</span> <span class='ocrx_word' id='word_1_118' title='bbox 496 1463 651 1519; x_wconf 83' lang='lat' dir='ltr'>marimum</span> <span class='ocrx_word' id='word_1_119' title='bbox 671 1462 781 1538; x_wconf 85' lang='lat' dir='ltr'>cepisse</span> <span class='ocrx_word' id='word_1_120' title='bbox 795 1462 859 1518; x_wconf 81' lang='lat' dir='ltr'>vitae</span> <span class='ocrx_word' id='word_1_121' title='bbox 884 1462 1008 1518; x_wconf 89' lang='lat' dir='ltr'>fructum</span> <span class='ocrx_word' id='word_1_122' title='bbox 1032 1462 1152 1537; x_wconf 70' lang='lat' dir='ltr'>putenti</span> <span class='ocrx_word' id='word_1_123' title='bbox 1174 1480 1239 1535; x_wconf 86' lang='lat' dir='ltr'>quae</span> 
     </span>
     <span class='ocr_line' id='line_1_15' title="bbox 250 1539 1239 1618; baseline -0.001 -21"><span class='ocrx_word' id='word_1_124' title='bbox 250 1540 318 1598; x_wconf 81' lang='lat' dir='ltr'>verb</span> <span class='ocrx_word' id='word_1_125' title='bbox 333 1551 390 1599; x_wconf 92' lang='lat' dir='ltr'>tam</span> <span class='ocrx_word' id='word_1_126' title='bbox 405 1541 554 1599; x_wconf 90' lang='lat' dir='ltr'>immemor</span> <span class='ocrx_word' id='word_1_127' title='bbox 567 1541 726 1618; x_wconf 87' lang='lat' dir='ltr'>posteritas,</span> <span class='ocrx_word' id='word_1_128' title='bbox 742 1559 805 1614; x_wconf 82' lang='lat' dir='ltr'>quae</span> <span class='ocrx_word' id='word_1_129' title='bbox 826 1550 885 1596; x_wconf 88' lang='lat' dir='ltr'>tam</span> <span class='ocrx_word' id='word_1_130' title='bbox 907 1540 1026 1616; x_wconf 82' lang='lat' dir='ltr'>ingratae</span> <span class='ocrx_word' id='word_1_131' title='bbox 1049 1539 1140 1596; x_wconf 76' lang='lat' dir='ltr'>literae</span> <span class='ocrx_word' id='word_1_132' title='bbox 1159 1559 1239 1614; x_wconf 88' lang='lat' dir='ltr'>repe·</span> 
     </span>
     <span class='ocr_line' id='line_1_16' title="bbox 203 1619 1239 1696; baseline -0.003 -18"><span class='ocrx_word' id='word_1_133' title='bbox 203 1627 236 1679; x_wconf 88' lang='lat'>15</span> <span class='ocrx_word' id='word_1_134' title='bbox 251 1620 370 1690; x_wconf 83' lang='lat' dir='ltr'>riantur,</span> <span class='ocrx_word' id='word_1_135' title='bbox 384 1639 447 1695; x_wconf 80' lang='lat' dir='ltr'>quae</span> <span class='ocrx_word' id='word_1_136' title='bbox 461 1639 559 1678; x_wconf 88' lang='lat' dir='ltr'>eorum</span> <span class='ocrx_word' id='word_1_137' title='bbox 579 1620 699 1696; x_wconf 86' lang='lat' dir='ltr'>gloriam</span> <span class='ocrx_word' id='word_1_138' title='bbox 717 1639 774 1676; x_wconf 90' lang='lat' dir='ltr'>non</span> <span class='ocrx_word' id='word_1_139' title='bbox 790 1619 1010 1676; x_wconf 87' lang='lat' dir='ltr'>immortalitatis</span> <span class='ocrx_word' id='word_1_140' title='bbox 1024 1619 1161 1674; x_wconf 75' lang='lat' dir='ltr'>memoria</span> <span class='ocrx_word' id='word_1_141' title='bbox 1176 1638 1239 1694; x_wconf 94' lang='lat' dir='ltr'>pro-</span> 
     </span>
     <span class='ocr_line' id='line_1_17' title="bbox 251 1696 1114 1771; baseline -0.002 -17"><span class='ocrx_word' id='word_1_142' title='bbox 251 1699 426 1771; x_wconf 84' lang='lat' dir='ltr'>sequanturl</span> <span class='ocrx_word' id='word_1_143' title='bbox 457 1698 506 1755; x_wconf 93' lang='lat' dir='ltr'>Tu</span> <span class='ocrx_word' id='word_1_144' title='bbox 520 1696 587 1754; x_wconf 84' lang='lat' dir='ltr'>verd</span> <span class='ocrx_word' id='word_1_145' title='bbox 603 1697 735 1754; x_wconf 87' lang='lat' dir='ltr'>adscribe</span> <span class='ocrx_word' id='word_1_146' title='bbox 749 1715 796 1754; x_wconf 91' lang='lat' dir='ltr'>me</span> <span class='ocrx_word' id='word_1_147' title='bbox 810 1698 896 1754; x_wconf 89' lang='lat' dir='ltr'>talem</span> <span class='ocrx_word' id='word_1_148' title='bbox 911 1697 939 1753; x_wconf 91' lang='lat' dir='ltr'>in</span> <span class='ocrx_word' id='word_1_149' title='bbox 955 1715 1114 1760; x_wconf 86' lang='lat' dir='ltr'>numerum.</span> 
     </span>
    </p>

    <p class='ocr_par' dir='ltr' id='par_1_3' title="bbox 249 1774 1238 2008">
     <span class='ocr_line' id='line_1_18' title="bbox 289 1774 1237 1850; baseline 0 -19"><span class='ocrx_word' id='word_1_150' title='bbox 289 1775 373 1833; x_wconf 89' lang='lat' dir='ltr'>XIV.</span> <span class='ocrx_word' id='word_1_151' title='bbox 409 1776 468 1832; x_wconf 86' lang='lat' dir='ltr'>Sed</span> <span class='ocrx_word' id='word_1_152' title='bbox 492 1794 579 1833; x_wconf 89' lang='lat' dir='ltr'>unam</span> <span class='ocrx_word' id='word_1_153' title='bbox 601 1794 661 1833; x_wconf 91' lang='lat' dir='ltr'>rem</span> <span class='ocrx_word' id='word_1_154' title='bbox 685 1794 793 1845; x_wconf 88' lang='lat' dir='ltr'>vereor,</span> <span class='ocrx_word' id='word_1_155' title='bbox 814 1795 851 1833; x_wconf 86' lang='lat' dir='ltr'>ne</span> <span class='ocrx_word' id='word_1_156' title='bbox 874 1795 931 1832; x_wconf 91' lang='lat' dir='ltr'>non</span> <span class='ocrx_word' id='word_1_157' title='bbox 953 1775 1063 1850; x_wconf 87' lang='lat' dir='ltr'>probes.</span> <span class='ocrx_word' id='word_1_158' title='bbox 1105 1774 1137 1831; x_wconf 84' lang='lat' dir='ltr'>Si</span> <span class='ocrx_word' id='word_1_159' title='bbox 1159 1775 1237 1831; x_wconf 89' lang='lat' dir='ltr'>enirn</span> 
     </span>
     <span class='ocr_line' id='line_1_19' title="bbox 250 1851 1238 1930; baseline 0.002 -22"><span class='ocrx_word' id='word_1_160' title='bbox 250 1851 377 1923; x_wconf 84' lang='lat' dir='ltr'>fuissem,</span> <span class='ocrx_word' id='word_1_161' title='bbox 392 1872 449 1910; x_wconf 90' lang='lat' dir='ltr'>non</span> <span class='ocrx_word' id='word_1_162' title='bbox 471 1853 563 1911; x_wconf 82' lang='lat' dir='ltr'>schim</span> <span class='ocrx_word' id='word_1_163' title='bbox 581 1873 689 1930; x_wconf 86' lang='lat' dir='ltr'>regem,</span> <span class='ocrx_word' id='word_1_164' title='bbox 704 1854 754 1911; x_wconf 91' lang='lat' dir='ltr'>sed</span> <span class='ocrx_word' id='word_1_165' title='bbox 777 1873 897 1930; x_wconf 89' lang='lat' dir='ltr'>regnum</span> <span class='ocrx_word' id='word_1_166' title='bbox 921 1854 1019 1923; x_wconf 90' lang='lat' dir='ltr'>etiam,</span> <span class='ocrx_word' id='word_1_167' title='bbox 1033 1853 1069 1910; x_wconf 91' lang='lat' dir='ltr'>de</span> <span class='ocrx_word' id='word_1_168' title='bbox 1087 1853 1238 1928; x_wconf 73' lang='lat' dir='ltr'>republica</span> 
     </span>
     <span class='ocr_line' id='line_1_20' title="bbox 249 1930 1237 2008; baseline 0.003 -22"><span class='ocrx_word' id='word_1_169' title='bbox 249 1930 446 1988; x_wconf 86' lang='lat' dir='ltr'>sustulissem:</span> <span class='ocrx_word' id='word_1_170' title='bbox 467 1942 505 2002; x_wconf 88' lang='lat' dir='ltr'>et,</span> <span class='ocrx_word' id='word_1_171' title='bbox 520 1932 544 1988; x_wconf 91' lang='lat' dir='ltr'>si</span> <span class='ocrx_word' id='word_1_172' title='bbox 565 1949 647 1988; x_wconf 88' lang='lat' dir='ltr'>meus</span> <span class='ocrx_word' id='word_1_173' title='bbox 670 1933 753 1989; x_wconf 90' lang='lat' dir='ltr'>stilus</span> <span class='ocrx_word' id='word_1_174' title='bbox 773 1932 822 1990; x_wconf 93' lang='lat' dir='ltr'>ille</span> <span class='ocrx_word' id='word_1_175' title='bbox 843 1933 952 2002; x_wconf 88' lang='lat' dir='ltr'>fuisset,</span> <span class='ocrx_word' id='word_1_176' title='bbox 966 1942 999 1989; x_wconf 87' lang='lat' dir='ltr'>ut</span> <span class='ocrx_word' id='word_1_177' title='bbox 1018 1932 1134 2001; x_wconf 89' lang='lat' dir='ltr'>dicitur,</span> <span class='ocrx_word' id='word_1_178' title='bbox 1151 1931 1237 2008; x_wconf 92' lang='lat' dir='ltr'>(mihi</span> 
     </span>
    </p>

    <p class='ocr_par' dir='ltr' id='par_1_4' title="bbox 198 2008 1239 2402">
     <span class='ocr_line' id='line_1_21' title="bbox 198 2008 1239 2087; baseline 0.003 -23"><span class='ocrx_word' id='word_1_179' title='bbox 198 2009 235 2064; x_wconf 73' lang='lat'>20</span> <span class='ocrx_word' id='word_1_180' title='bbox 250 2008 350 2087; x_wconf 89' lang='lat' dir='ltr'>crede)</span> <span class='ocrx_word' id='word_1_181' title='bbox 365 2029 422 2067; x_wconf 91' lang='lat' dir='ltr'>nou</span> <span class='ocrx_word' id='word_1_182' title='bbox 444 2009 536 2068; x_wconf 85' lang='lat' dir='ltr'>schim</span> <span class='ocrx_word' id='word_1_183' title='bbox 560 2029 649 2066; x_wconf 90' lang='lat' dir='ltr'>unum</span> <span class='ocrx_word' id='word_1_184' title='bbox 671 2021 778 2081; x_wconf 90' lang='lat' dir='ltr'>actum,</span> <span class='ocrx_word' id='word_1_185' title='bbox 800 2011 851 2068; x_wconf 90' lang='lat' dir='ltr'>sed</span> <span class='ocrx_word' id='word_1_186' title='bbox 871 2020 961 2068; x_wconf 86' lang='lat' dir='ltr'>totam</span> <span class='ocrx_word' id='word_1_187' title='bbox 983 2010 1119 2080; x_wconf 90' lang='lat' dir='ltr'>fabulam,</span> <span class='ocrx_word' id='word_1_188' title='bbox 1141 2011 1239 2067; x_wconf 81' lang='lat' dir='ltr'>conle-</span> 
     </span>
     <span class='ocr_line' id='line_1_22' title="bbox 249 2087 1235 2164; baseline 0.001 -20"><span class='ocrx_word' id='word_1_189' title='bbox 249 2087 362 2146; x_wconf 90' lang='lat' dir='ltr'>cissem.</span> <span class='ocrx_word' id='word_1_190' title='bbox 403 2088 590 2164; x_wconf 79' lang='lat' dir='ltr'>Quanquam,</span> <span class='ocrx_word' id='word_1_191' title='bbox 605 2089 629 2146; x_wconf 91' lang='lat' dir='ltr'>si</span> <span class='ocrx_word' id='word_1_192' title='bbox 652 2089 776 2147; x_wconf 88' lang='lat' dir='ltr'>interfici</span> <span class='ocrx_word' id='word_1_193' title='bbox 798 2091 943 2147; x_wconf 77' lang='lat' dir='ltr'>Cesaram</span> <span class='ocrx_word' id='word_1_194' title='bbox 965 2089 1098 2159; x_wconf 89' lang='lat' dir='ltr'>voluisse,</span> <span class='ocrx_word' id='word_1_195' title='bbox 1123 2089 1235 2146; x_wconf 90' lang='lat' dir='ltr'>crimen</span> 
     </span>
     <span class='ocr_line' id='line_1_23' title="bbox 250 2166 1238 2245; baseline 0 -20"><span class='ocrx_word' id='word_1_196' title='bbox 250 2177 302 2238; x_wconf 89' lang='lat' dir='ltr'>est,</span> <span class='ocrx_word' id='word_1_197' title='bbox 327 2166 402 2241; x_wconf 88' lang='lat' dir='ltr'>vide,</span> <span class='ocrx_word' id='word_1_198' title='bbox 423 2187 529 2245; x_wconf 87' lang='lat' dir='ltr'>quaeso,</span> <span class='ocrx_word' id='word_1_199' title='bbox 553 2168 673 2241; x_wconf 88' lang='lat' dir='ltr'>Antoni,</span> <span class='ocrx_word' id='word_1_200' title='bbox 697 2169 765 2244; x_wconf 90' lang='lat' dir='ltr'>quid</span> <span class='ocrx_word' id='word_1_201' title='bbox 788 2169 839 2226; x_wconf 89' lang='lat' dir='ltr'>tibi</span> <span class='ocrx_word' id='word_1_202' title='bbox 867 2169 994 2226; x_wconf 85' lang='lat' dir='ltr'>futurum</span> <span class='ocrx_word' id='word_1_203' title='bbox 1021 2167 1067 2239; x_wconf 89' lang='lat' dir='ltr'>sit,</span> <span class='ocrx_word' id='word_1_204' title='bbox 1094 2185 1180 2243; x_wconf 88' lang='lat' dir='ltr'>quem</span> <span class='ocrx_word' id='word_1_205' title='bbox 1208 2178 1238 2225; x_wconf 91' lang='lat' dir='ltr'>et</span> 
     </span>
     <span class='ocr_line' id='line_1_24' title="bbox 250 2245 1238 2323; baseline 0.002 -20"><span class='ocrx_word' id='word_1_206' title='bbox 250 2245 389 2305; x_wconf 88' lang='lat' dir='ltr'>Narbone</span> <span class='ocrx_word' id='word_1_207' title='bbox 412 2249 467 2306; x_wconf 86' lang='lat' dir='ltr'>hoc</span> <span class='ocrx_word' id='word_1_208' title='bbox 489 2248 640 2306; x_wconf 87' lang='lat' dir='ltr'>consilium</span> <span class='ocrx_word' id='word_1_209' title='bbox 664 2268 732 2305; x_wconf 87' lang='lat' dir='ltr'>curn</span> <span class='ocrx_word' id='word_1_210' title='bbox 759 2248 793 2306; x_wconf 90' lang='lat' dir='ltr'>C.</span> <span class='ocrx_word' id='word_1_211' title='bbox 822 2247 970 2305; x_wconf 84' lang='lat' dir='ltr'>Trebonio</span> <span class='ocrx_word' id='word_1_212' title='bbox 991 2248 1101 2323; x_wconf 87' lang='lat' dir='ltr'>cepisse</span> <span class='ocrx_word' id='word_1_213' title='bbox 1124 2247 1238 2305; x_wconf 90' lang='lat' dir='ltr'>notissi-</span> 
     </span>
     <span class='ocr_line' id='line_1_25' title="bbox 250 2324 1237 2402; baseline 0.001 -21"><span class='ocrx_word' id='word_1_214' title='bbox 250 2344 329 2383; x_wconf 90' lang='lat' dir='ltr'>mum</span> <span class='ocrx_word' id='word_1_215' title='bbox 350 2336 408 2397; x_wconf 88' lang='lat' dir='ltr'>est;</span> <span class='ocrx_word' id='word_1_216' title='bbox 430 2337 468 2398; x_wconf 93' lang='lat' dir='ltr'>et,</span> <span class='ocrx_word' id='word_1_217' title='bbox 482 2329 519 2385; x_wconf 91' lang='lat' dir='ltr'>ob</span> <span class='ocrx_word' id='word_1_218' title='bbox 533 2326 595 2402; x_wconf 85' lang='lat' dir='ltr'>ejus</span> <span class='ocrx_word' id='word_1_219' title='bbox 609 2327 722 2385; x_wconf 89' lang='lat' dir='ltr'>consilii</span> <span class='ocrx_word' id='word_1_220' title='bbox 745 2327 921 2397; x_wconf 89' lang='lat' dir='ltr'>societatem,</span> <span class='ocrx_word' id='word_1_221' title='bbox 937 2324 1005 2383; x_wconf 80' lang='lat' dir='ltr'>crim</span> <span class='ocrx_word' id='word_1_222' title='bbox 1026 2324 1237 2383; x_wconf 83' lang='lat' dir='ltr'>interficeretur</span> 
     </span>
    </p>

    <p class='ocr_par' dir='ltr' id='par_1_5' title="bbox 198 2404 1236 2716">
     <span class='ocr_line' id='line_1_26' title="bbox 198 2404 1236 2481; baseline 0.002 -22"><span class='ocrx_word' id='word_1_223' title='bbox 198 2405 234 2459; x_wconf 81' lang='lat'>25</span> <span class='ocrx_word' id='word_1_224' title='bbox 250 2404 358 2475; x_wconf 83' lang='lat' dir='ltr'>Caesar,</span> <span class='ocrx_word' id='word_1_225' title='bbox 380 2416 441 2461; x_wconf 89' lang='lat' dir='ltr'>tum</span> <span class='ocrx_word' id='word_1_226' title='bbox 465 2416 493 2463; x_wconf 92' lang='lat' dir='ltr'>te</span> <span class='ocrx_word' id='word_1_227' title='bbox 516 2425 533 2462; x_wconf 92' lang='lat' dir='ltr'>a</span> <span class='ocrx_word' id='word_1_228' title='bbox 553 2405 702 2463; x_wconf 89' lang='lat' dir='ltr'>Trebonio</span> <span class='ocrx_word' id='word_1_229' title='bbox 721 2406 845 2464; x_wconf 89' lang='lat' dir='ltr'>vidimus</span> <span class='ocrx_word' id='word_1_230' title='bbox 865 2405 1002 2462; x_wconf 86' lang='lat' dir='ltr'>sevocari.</span> <span class='ocrx_word' id='word_1_231' title='bbox 1044 2404 1108 2481; x_wconf 89' lang='lat' dir='ltr'>Ego</span> <span class='ocrx_word' id='word_1_232' title='bbox 1128 2415 1236 2475; x_wconf 91' lang='lat' dir='ltr'>autem,</span> 
     </span>
     <span class='ocr_line' id='line_1_27' title="bbox 250 2481 1236 2563; baseline 0.005 -27"><span class='ocrx_word' id='word_1_233' title='bbox 250 2481 329 2555; x_wconf 86' lang='lat' dir='ltr'>(vide</span> <span class='ocrx_word' id='word_1_234' title='bbox 352 2481 438 2557; x_wconf 74' lang='lat' dir='ltr'>quam</span> <span class='ocrx_word' id='word_1_235' title='bbox 460 2493 557 2540; x_wconf 89' lang='lat' dir='ltr'>tecum</span> <span class='ocrx_word' id='word_1_236' title='bbox 580 2502 663 2559; x_wconf 88' lang='lat' dir='ltr'>agam</span> <span class='ocrx_word' id='word_1_237' title='bbox 687 2504 744 2542; x_wconf 91' lang='lat' dir='ltr'>non</span> <span class='ocrx_word' id='word_1_238' title='bbox 769 2482 900 2563; x_wconf 78' lang='lat' dir='ltr'>inimice)</span> <span class='ocrx_word' id='word_1_239' title='bbox 916 2482 993 2558; x_wconf 80' lang='lat' dir='ltr'>qudd</span> <span class='ocrx_word' id='word_1_240' title='bbox 1012 2482 1087 2541; x_wconf 75' lang='lat' dir='ltr'>bend</span> <span class='ocrx_word' id='word_1_241' title='bbox 1102 2484 1236 2559; x_wconf 70' lang='lat' dir='ltr'>cogitisti</span> 
     </span>
     <span class='ocr_line' id='line_1_28' title="bbox 249 2558 1236 2640; baseline 0.006 -26"><span class='ocrx_word' id='word_1_242' title='bbox 249 2558 411 2633; x_wconf 88' lang='lat' dir='ltr'>aliquando,</span> <span class='ocrx_word' id='word_1_243' title='bbox 426 2559 531 2618; x_wconf 90' lang='lat' dir='ltr'>laudo:</span> <span class='ocrx_word' id='word_1_244' title='bbox 551 2559 629 2635; x_wconf 84' lang='lat' dir='ltr'>qudd</span> <span class='ocrx_word' id='word_1_245' title='bbox 643 2582 699 2619; x_wconf 90' lang='lat' dir='ltr'>non</span> <span class='ocrx_word' id='word_1_246' title='bbox 715 2562 859 2633; x_wconf 71' lang='lat' dir='ltr'>indicasti,</span> <span class='ocrx_word' id='word_1_247' title='bbox 871 2563 978 2638; x_wconf 88' lang='lat' dir='ltr'>gratias</span> <span class='ocrx_word' id='word_1_248' title='bbox 993 2581 1064 2640; x_wconf 88' lang='lat' dir='ltr'>ago:</span> <span class='ocrx_word' id='word_1_249' title='bbox 1085 2561 1165 2637; x_wconf 82' lang='lat' dir='ltr'>qudd</span> <span class='ocrx_word' id='word_1_250' title='bbox 1178 2582 1236 2620; x_wconf 91' lang='lat' dir='ltr'>non</span> 
     </span>
     <span class='ocr_line' id='line_1_29' title="bbox 248 2636 930 2716; baseline 0.009 -24"><span class='ocrx_word' id='word_1_251' title='bbox 248 2636 353 2705; x_wconf 83' lang='lat' dir='ltr'>fecisti,</span> <span class='ocrx_word' id='word_1_252' title='bbox 368 2637 493 2714; x_wconf 87' lang='lat' dir='ltr'>ignosco.</span> <span class='ocrx_word' id='word_1_253' title='bbox 535 2639 639 2695; x_wconf 91' lang='lat' dir='ltr'>Virum</span> <span class='ocrx_word' id='word_1_254' title='bbox 654 2660 701 2697; x_wconf 88' lang='lat' dir='ltr'>res</span> <span class='ocrx_word' id='word_1_255' title='bbox 714 2641 764 2698; x_wconf 93' lang='lat' dir='ltr'>illa</span> <span class='ocrx_word' id='word_1_256' title='bbox 776 2642 930 2716; x_wconf 73' lang='lat' dir='ltr'>querebat.</span> 
     </span>
    </p>

    <p class='ocr_par' dir='ltr' id='par_1_6' title="bbox 285 2712 1235 2796">
     <span class='ocr_line' id='line_1_30' title="bbox 285 2712 1235 2796; baseline 0.002 -22"><span class='ocrx_word' id='word_1_257' title='bbox 285 2712 377 2774; x_wconf 79' lang='lat' dir='ltr'>Quod</span> <span class='ocrx_word' id='word_1_258' title='bbox 401 2716 426 2773; x_wconf 91' lang='lat' dir='ltr'>si</span> <span class='ocrx_word' id='word_1_259' title='bbox 449 2726 477 2773; x_wconf 89' lang='lat' dir='ltr'>te</span> <span class='ocrx_word' id='word_1_260' title='bbox 502 2717 531 2774; x_wconf 92' lang='lat' dir='ltr'>in</span> <span class='ocrx_word' id='word_1_261' title='bbox 550 2716 693 2792; x_wconf 89' lang='lat' dir='ltr'>judicium</span> <span class='ocrx_word' id='word_1_262' title='bbox 718 2720 783 2794; x_wconf 91' lang='lat' dir='ltr'>quis</span> <span class='ocrx_word' id='word_1_263' title='bbox 807 2720 942 2791; x_wconf 88' lang='lat' dir='ltr'>adducat,</span> <span class='ocrx_word' id='word_1_264' title='bbox 965 2729 1140 2796; x_wconf 89' lang='lat' dir='ltr'>usurpetque</span> <span class='ocrx_word' id='word_1_265' title='bbox 1164 2719 1235 2776; x_wconf 92' lang='lat' dir='ltr'>illud</span> 
     </span>
    </p>

    <p class='ocr_par' dir='ltr' id='par_1_7' title="bbox 196 2792 1233 3189">
     <span class='ocr_line' id='line_1_31' title="bbox 196 2792 1233 2873; baseline 0.005 -23"><span class='ocrx_word' id='word_1_266' title='bbox 196 2796 232 2850; x_wconf 80' lang='lat'>30</span> <span class='ocrx_word' id='word_1_267' title='bbox 247 2792 430 2867; x_wconf 85' lang='lat' dir='ltr'>Cassianum,</span> <span class='ocrx_word' id='word_1_268' title='bbox 458 2814 509 2854; x_wconf 87' lang='lat' dir='ltr'>cur</span> <span class='ocrx_word' id='word_1_269' title='bbox 537 2814 618 2853; x_wconf 82' lang='lat' dir='ltr'>nouo</span> <span class='ocrx_word' id='word_1_270' title='bbox 650 2816 781 2867; x_wconf 79' lang='lat' dir='ltr'>suenru·;</span> <span class='ocrx_word' id='word_1_271' title='bbox 815 2798 890 2869; x_wconf 84' lang='lat' dir='ltr'>vide,</span> <span class='ocrx_word' id='word_1_272' title='bbox 918 2818 1024 2873; x_wconf 81' lang='lat' dir='ltr'>quaeso,</span> <span class='ocrx_word' id='word_1_273' title='bbox 1051 2818 1089 2855; x_wconf 90' lang='lat' dir='ltr'>ne</span> <span class='ocrx_word' id='word_1_274' title='bbox 1116 2798 1233 2855; x_wconf 82' lang='lat' dir='ltr'>haereas.</span> 
     </span>
     <span class='ocr_line' id='line_1_32' title="bbox 245 2871 1233 2951; baseline 0.001 -18"><span class='ocrx_word' id='word_1_275' title='bbox 245 2871 424 2947; x_wconf 80' lang='lat' dir='ltr'>Quanquam</span> <span class='ocrx_word' id='word_1_276' title='bbox 449 2874 519 2932; x_wconf 90' lang='lat' dir='ltr'>illud</span> <span class='ocrx_word' id='word_1_277' title='bbox 541 2874 657 2951; x_wconf 89' lang='lat' dir='ltr'>quidem</span> <span class='ocrx_word' id='word_1_278' title='bbox 683 2877 745 2947; x_wconf 85' lang='lat' dir='ltr'>suit,</span> <span class='ocrx_word' id='word_1_279' title='bbox 761 2887 792 2934; x_wconf 87' lang='lat' dir='ltr'>ut</span> <span class='ocrx_word' id='word_1_280' title='bbox 813 2886 845 2933; x_wconf 89' lang='lat' dir='ltr'>tu</span> <span class='ocrx_word' id='word_1_281' title='bbox 859 2878 986 2949; x_wconf 89' lang='lat' dir='ltr'>dicebas,</span> <span class='ocrx_word' id='word_1_282' title='bbox 1001 2877 1135 2935; x_wconf 89' lang='lat' dir='ltr'>omnibus</span> <span class='ocrx_word' id='word_1_283' title='bbox 1149 2877 1233 2946; x_wconf 89' lang='lat' dir='ltr'>bono,</span> 
     </span>
     <span class='ocr_line' id='line_1_33' title="bbox 246 2951 1233 3031; baseline 0.005 -23"><span class='ocrx_word' id='word_1_284' title='bbox 246 2951 295 3025; x_wconf 92' lang='lat' dir='ltr'>qui</span> <span class='ocrx_word' id='word_1_285' title='bbox 319 2953 425 3011; x_wconf 89' lang='lat' dir='ltr'>servire</span> <span class='ocrx_word' id='word_1_286' title='bbox 446 2954 597 3024; x_wconf 89' lang='lat' dir='ltr'>nolebant;</span> <span class='ocrx_word' id='word_1_287' title='bbox 622 2954 674 3012; x_wconf 93' lang='lat' dir='ltr'>tibi</span> <span class='ocrx_word' id='word_1_288' title='bbox 696 2966 792 3013; x_wconf 88' lang='lat' dir='ltr'>tamen</span> <span class='ocrx_word' id='word_1_289' title='bbox 814 2954 969 3031; x_wconf 80' lang='lat' dir='ltr'>praeoipud,</span> <span class='ocrx_word' id='word_1_290' title='bbox 993 2956 1042 3031; x_wconf 93' lang='lat' dir='ltr'>qui</span> <span class='ocrx_word' id='word_1_291' title='bbox 1066 2975 1123 3012; x_wconf 90' lang='lat' dir='ltr'>non</span> <span class='ocrx_word' id='word_1_292' title='bbox 1148 2955 1233 3013; x_wconf 75' lang='lat' dir='ltr'>modi&gt;</span> 
     </span>
     <span class='ocr_line' id='line_1_34' title="bbox 246 3032 1232 3111; baseline 0.003 -24"><span class='ocrx_word' id='word_1_293' title='bbox 246 3050 303 3088; x_wconf 94' lang='lat' dir='ltr'>non</span> <span class='ocrx_word' id='word_1_294' title='bbox 318 3032 415 3103; x_wconf 90' lang='lat' dir='ltr'>servis,</span> <span class='ocrx_word' id='word_1_295' title='bbox 430 3034 480 3091; x_wconf 88' lang='lat' dir='ltr'>sed</span> <span class='ocrx_word' id='word_1_296' title='bbox 501 3034 587 3091; x_wconf 89' lang='lat' dir='ltr'>etiam</span> <span class='ocrx_word' id='word_1_297' title='bbox 609 3052 730 3111; x_wconf 83' lang='lat' dir='ltr'>regnas3</span> <span class='ocrx_word' id='word_1_298' title='bbox 752 3034 801 3109; x_wconf 90' lang='lat' dir='ltr'>qui</span> <span class='ocrx_word' id='word_1_299' title='bbox 821 3035 946 3092; x_wconf 86' lang='lat' dir='ltr'>maximo</span> <span class='ocrx_word' id='word_1_300' title='bbox 959 3047 988 3093; x_wconf 92' lang='lat' dir='ltr'>te</span> <span class='ocrx_word' id='word_1_301' title='bbox 1008 3054 1064 3092; x_wconf 78' lang='lat' dir='ltr'>rere</span> <span class='ocrx_word' id='word_1_302' title='bbox 1085 3033 1180 3092; x_wconf 86' lang='lat' dir='ltr'>alieno</span> <span class='ocrx_word' id='word_1_303' title='bbox 1198 3036 1232 3091; x_wconf 90' lang='lat' dir='ltr'>ad</span> 
     </span>
     <span class='ocr_line' id='line_1_35' title="bbox 247 3110 1233 3189; baseline 0.002 -23"><span class='ocrx_word' id='word_1_304' title='bbox 247 3111 338 3167; x_wconf 81' lang='lat' dir='ltr'>aedem</span> <span class='ocrx_word' id='word_1_305' title='bbox 358 3110 431 3188; x_wconf 90' lang='lat' dir='ltr'>Opis</span> <span class='ocrx_word' id='word_1_306' title='bbox 450 3112 578 3170; x_wconf 77' lang='lat' dir='ltr'>liberdsti</span> <span class='ocrx_word' id='word_1_307' title='bbox 589 3133 597 3183; x_wconf 92' lang='lat'>;</span> <span class='ocrx_word' id='word_1_308' title='bbox 618 3113 677 3188; x_wconf 92' lang='lat' dir='ltr'>qui,</span> <span class='ocrx_word' id='word_1_309' title='bbox 691 3132 742 3189; x_wconf 86' lang='lat' dir='ltr'>per</span> <span class='ocrx_word' id='word_1_310' title='bbox 762 3114 879 3170; x_wconf 89' lang='lat' dir='ltr'>easdem</span> <span class='ocrx_word' id='word_1_311' title='bbox 899 3114 1022 3184; x_wconf 89' lang='lat' dir='ltr'>tabulas,</span> <span class='ocrx_word' id='word_1_312' title='bbox 1039 3112 1233 3170; x_wconf 89' lang='lat' dir='ltr'>innumerabi-</span> 
     </span>
    </p>

    <p class='ocr_par' dir='ltr' id='par_1_8' title="bbox 195 3188 1234 3583">
     <span class='ocr_line' id='line_1_36' title="bbox 195 3188 1232 3267; baseline 0.005 -23"><span class='ocrx_word' id='word_1_313' title='bbox 195 3190 231 3245; x_wconf 85' lang='lat'>35</span> <span class='ocrx_word' id='word_1_314' title='bbox 246 3188 303 3245; x_wconf 85' lang='lat' dir='ltr'>lem</span> <span class='ocrx_word' id='word_1_315' title='bbox 329 3191 482 3264; x_wconf 86' lang='lat' dir='ltr'>pecuniam</span> <span class='ocrx_word' id='word_1_316' title='bbox 510 3191 652 3267; x_wconf 75' lang='lat' dir='ltr'>dissipasti</span> <span class='ocrx_word' id='word_1_317' title='bbox 664 3212 672 3261; x_wconf 74' lang='grc' dir='ltr'><strong><em>ς</em></strong></span> <span class='ocrx_word' id='word_1_318' title='bbox 705 3192 740 3249; x_wconf 92' lang='lat' dir='ltr'>ad</span> <span class='ocrx_word' id='word_1_319' title='bbox 770 3210 856 3267; x_wconf 87' lang='lat' dir='ltr'>quem</span> <span class='ocrx_word' id='word_1_320' title='bbox 876 3211 893 3249; x_wconf 86' lang='lat' dir='ltr'>e</span> <span class='ocrx_word' id='word_1_321' title='bbox 912 3192 997 3249; x_wconf 90' lang='lat' dir='ltr'>domo</span> <span class='ocrx_word' id='word_1_322' title='bbox 1022 3190 1148 3248; x_wconf 75' lang='lat' dir='ltr'>Caesaris</span> <span class='ocrx_word' id='word_1_323' title='bbox 1175 3202 1232 3249; x_wconf 89' lang='lat' dir='ltr'>tarn</span> 
     </span>
     <span class='ocr_line' id='line_1_37' title="bbox 246 3267 1233 3344; baseline 0.004 -22"><span class='ocrx_word' id='word_1_324' title='bbox 246 3267 336 3324; x_wconf 89' lang='lat' dir='ltr'>multa</span> <span class='ocrx_word' id='word_1_325' title='bbox 350 3268 445 3325; x_wconf 90' lang='lat' dir='ltr'>delata</span> <span class='ocrx_word' id='word_1_326' title='bbox 459 3280 543 3339; x_wconf 90' lang='lat' dir='ltr'>sunt;</span> <span class='ocrx_word' id='word_1_327' title='bbox 565 3269 647 3344; x_wconf 87' lang='lat' dir='ltr'>cujus</span> <span class='ocrx_word' id='word_1_328' title='bbox 661 3271 763 3327; x_wconf 90' lang='lat' dir='ltr'>domus</span> <span class='ocrx_word' id='word_1_329' title='bbox 776 3270 1019 3344; x_wconf 76' lang='lat' dir='ltr'>quaestuosissima</span> <span class='ocrx_word' id='word_1_330' title='bbox 1038 3280 1082 3327; x_wconf 89' lang='lat' dir='ltr'>est</span> <span class='ocrx_word' id='word_1_331' title='bbox 1097 3270 1233 3327; x_wconf 83' lang='lat' dir='ltr'>salsorum</span> 
     </span>
     <span class='ocr_line' id='line_1_38' title="bbox 246 3347 1234 3426; baseline 0.003 -25"><span class='ocrx_word' id='word_1_332' title='bbox 246 3347 515 3404; x_wconf 86' lang='lat' dir='ltr'>commentariorum</span> <span class='ocrx_word' id='word_1_333' title='bbox 529 3358 559 3404; x_wconf 88' lang='lat' dir='ltr'>et</span> <span class='ocrx_word' id='word_1_334' title='bbox 573 3348 826 3426; x_wconf 85' lang='lat' dir='ltr'>chirographorum</span> <span class='ocrx_word' id='word_1_335' title='bbox 840 3348 974 3418; x_wconf 86' lang='lat' dir='ltr'>officina;</span> <span class='ocrx_word' id='word_1_336' title='bbox 1000 3367 1143 3425; x_wconf 87' lang='lat' dir='ltr'>agrorum,</span> <span class='ocrx_word' id='word_1_337' title='bbox 1158 3349 1234 3424; x_wconf 90' lang='lat' dir='ltr'>oppi-</span> 
     </span>
     <span class='ocr_line' id='line_1_39' title="bbox 245 3424 1231 3503; baseline 0.003 -23"><span class='ocrx_word' id='word_1_338' title='bbox 245 3424 356 3496; x_wconf 88' lang='lat' dir='ltr'>dorum,</span> <span class='ocrx_word' id='word_1_339' title='bbox 376 3424 600 3497; x_wconf 88' lang='lat' dir='ltr'>immunitatum,</span> <span class='ocrx_word' id='word_1_340' title='bbox 621 3428 815 3503; x_wconf 86' lang='lat' dir='ltr'>vectigalium,</span> <span class='ocrx_word' id='word_1_341' title='bbox 837 3427 1065 3503; x_wconf 76' lang='lat' dir='ltr'>flagitiosissime</span> <span class='ocrx_word' id='word_1_342' title='bbox 1086 3427 1231 3485; x_wconf 78' lang='lat' dir='ltr'>nundine.</span> 
     </span>
     <span class='ocr_line' id='line_1_40' title="bbox 244 3501 1232 3583; baseline 0.003 -24"><span class='ocrx_word' id='word_1_343' title='bbox 244 3501 360 3561; x_wconf 87' lang='lat' dir='ltr'>Etenim</span> <span class='ocrx_word' id='word_1_344' title='bbox 382 3523 445 3579; x_wconf 82' lang='lat' dir='ltr'>quae</span> <span class='ocrx_word' id='word_1_345' title='bbox 465 3524 512 3562; x_wconf 92' lang='lat' dir='ltr'>res</span> <span class='ocrx_word' id='word_1_346' title='bbox 531 3505 652 3581; x_wconf 86' lang='lat' dir='ltr'>egestati</span> <span class='ocrx_word' id='word_1_347' title='bbox 673 3517 703 3563; x_wconf 88' lang='lat' dir='ltr'>et</span> <span class='ocrx_word' id='word_1_348' title='bbox 723 3507 773 3563; x_wconf 86' lang='lat' dir='ltr'>aeri</span> <span class='ocrx_word' id='word_1_349' title='bbox 794 3506 888 3563; x_wconf 85' lang='lat' dir='ltr'>alieno</span> <span class='ocrx_word' id='word_1_350' title='bbox 907 3515 967 3577; x_wconf 89' lang='lat' dir='ltr'>tuo,</span> <span class='ocrx_word' id='word_1_351' title='bbox 987 3516 1090 3583; x_wconf 78' lang='lat' dir='ltr'>preter</span> <span class='ocrx_word' id='word_1_352' title='bbox 1110 3517 1232 3563; x_wconf 85' lang='lat' dir='ltr'>mortem</span> 
     </span>
    </p>

    <p class='ocr_par' dir='ltr' id='par_1_9' title="bbox 194 3579 716 3659">
     <span class='ocr_line' id='line_1_41' title="bbox 194 3579 716 3659; baseline 0.015 -26"><span class='ocrx_word' id='word_1_353' title='bbox 194 3580 229 3634; x_wconf 80' lang='lat'>40</span> <span class='ocrx_word' id='word_1_354' title='bbox 245 3579 378 3652; x_wconf 82' lang='lat' dir='ltr'>Caesaris,</span> <span class='ocrx_word' id='word_1_355' title='bbox 394 3582 545 3642; x_wconf 88' lang='lat' dir='ltr'>subvenire</span> <span class='ocrx_word' id='word_1_356' title='bbox 558 3583 716 3659; x_wconf 65' lang='lat' dir='ltr'>potuisset?</span> 
     </span>
    </p>

    <p class='ocr_par' dir='ltr' id='par_1_10' title="bbox 244 3659 1233 3975">
     <span class='ocr_line' id='line_1_42' title="bbox 283 3659 1232 3737; baseline 0.002 -20"><span class='ocrx_word' id='word_1_357' title='bbox 283 3659 393 3719; x_wconf 83' lang='lat' dir='ltr'>Nescio</span> <span class='ocrx_word' id='word_1_358' title='bbox 425 3661 494 3737; x_wconf 90' lang='lat' dir='ltr'>quid</span> <span class='ocrx_word' id='word_1_359' title='bbox 528 3664 715 3720; x_wconf 86' lang='lat' dir='ltr'>conturbatus</span> <span class='ocrx_word' id='word_1_360' title='bbox 747 3663 819 3721; x_wconf 92' lang='lat' dir='ltr'>mibi</span> <span class='ocrx_word' id='word_1_361' title='bbox 845 3683 909 3721; x_wconf 76' lang='lat' dir='ltr'>csse</span> <span class='ocrx_word' id='word_1_362' title='bbox 934 3661 1049 3721; x_wconf 75' lang='lat' dir='ltr'>viddris.</span> <span class='ocrx_word' id='word_1_363' title='bbox 1090 3662 1232 3737; x_wconf 90' lang='lat' dir='ltr'>Nunquid</span> 
     </span>
     <span class='ocr_line' id='line_1_43' title="bbox 244 3739 1233 3819; baseline 0.007 -27"><span class='ocrx_word' id='word_1_364' title='bbox 244 3739 393 3811; x_wconf 88' lang='lat' dir='ltr'>subtimes,</span> <span class='ocrx_word' id='word_1_365' title='bbox 409 3760 445 3798; x_wconf 89' lang='lat' dir='ltr'>ne</span> <span class='ocrx_word' id='word_1_366' title='bbox 467 3741 502 3797; x_wconf 90' lang='lat' dir='ltr'>ad</span> <span class='ocrx_word' id='word_1_367' title='bbox 523 3750 553 3799; x_wconf 89' lang='lat' dir='ltr'>te</span> <span class='ocrx_word' id='word_1_368' title='bbox 575 3742 630 3799; x_wconf 90' lang='lat' dir='ltr'>hoc</span> <span class='ocrx_word' id='word_1_369' title='bbox 654 3742 764 3799; x_wconf 89' lang='lat' dir='ltr'>crimen</span> <span class='ocrx_word' id='word_1_370' title='bbox 784 3742 927 3819; x_wconf 86' lang='lat' dir='ltr'>pertinere</span> <span class='ocrx_word' id='word_1_371' title='bbox 940 3743 1092 3800; x_wconf 83' lang='lat' dir='ltr'>videaturl</span> <span class='ocrx_word' id='word_1_372' title='bbox 1127 3741 1233 3799; x_wconf 90' lang='lat' dir='ltr'>Libero</span> 
     </span>
     <span class='ocr_line' id='line_1_44' title="bbox 244 3820 1232 3896; baseline 0.008 -27"><span class='ocrx_word' id='word_1_373' title='bbox 244 3823 273 3870; x_wconf 86' lang='lat' dir='ltr'>te</span> <span class='ocrx_word' id='word_1_374' title='bbox 287 3826 382 3874; x_wconf 89' lang='lat' dir='ltr'>metu:</span> <span class='ocrx_word' id='word_1_375' title='bbox 403 3838 488 3881; x_wconf 88' lang='lat' dir='ltr'>nemo</span> <span class='ocrx_word' id='word_1_376' title='bbox 502 3821 600 3878; x_wconf 87' lang='lat' dir='ltr'>credet</span> <span class='ocrx_word' id='word_1_377' title='bbox 619 3840 762 3895; x_wconf 91' lang='lat' dir='ltr'>unquam:</span> <span class='ocrx_word' id='word_1_378' title='bbox 784 3841 841 3879; x_wconf 90' lang='lat' dir='ltr'>non</span> <span class='ocrx_word' id='word_1_379' title='bbox 862 3833 906 3878; x_wconf 89' lang='lat' dir='ltr'>est</span> <span class='ocrx_word' id='word_1_380' title='bbox 925 3831 1006 3877; x_wconf 92' lang='lat' dir='ltr'>tuum</span> <span class='ocrx_word' id='word_1_381' title='bbox 1027 3820 1063 3878; x_wconf 94' lang='lat' dir='ltr'>de</span> <span class='ocrx_word' id='word_1_382' title='bbox 1083 3820 1232 3896; x_wconf 79' lang='lat' dir='ltr'>republica</span> 
     </span>
     <span class='ocr_line' id='line_1_45' title="bbox 244 3888 1232 3975; baseline 0.013 -31"><span class='ocrx_word' id='word_1_383' title='bbox 244 3888 319 3945; x_wconf 73' lang='lat' dir='ltr'>bene</span> <span class='ocrx_word' id='word_1_384' title='bbox 334 3896 437 3952; x_wconf 85' lang='lat' dir='ltr'>mereri</span> <span class='ocrx_word' id='word_1_385' title='bbox 449 3914 456 3951; x_wconf 80' lang='lat'>2</span> <span class='ocrx_word' id='word_1_386' title='bbox 478 3898 564 3955; x_wconf 90' lang='lat' dir='ltr'>habet</span> <span class='ocrx_word' id='word_1_387' title='bbox 577 3898 660 3955; x_wconf 89' lang='lat' dir='ltr'>istius</span> <span class='ocrx_word' id='word_1_388' title='bbox 673 3899 859 3975; x_wconf 90' lang='lat' dir='ltr'>pulcherrimi</span> <span class='ocrx_word' id='word_1_389' title='bbox 881 3900 949 3957; x_wconf 85' lang='lat' dir='ltr'>sacti</span> <span class='ocrx_word' id='word_1_390' title='bbox 970 3898 1145 3957; x_wconf 88' lang='lat' dir='ltr'>clarissimos</span> <span class='ocrx_word' id='word_1_391' title='bbox 1158 3899 1232 3957; x_wconf 88' lang='lat' dir='ltr'>viros</span> 
     </span>
    </p>
   </div>
   <div class='ocr_carea' id='block_1_3' title="bbox 0 0 1392 4425">
    <p class='ocr_par' dir='ltr' id='par_1_11' title="bbox 0 0 1392 4425">
     <span class='ocr_line' id='line_1_46' title="bbox 0 0 1392 4425; baseline 0 2"><span class='ocrx_word' id='word_1_392' title='bbox 0 0 1392 4425; x_wconf 95' lang='lat' dir='ltr'> </span> 
     </span>
    </p>
   </div>
  </div>
 </body>
</html>
