2775 4425
422 360 557 411 ORATIO
579 362 649 411 PRO
671 364 698 422 Q
728 362 889 415 LIGARIO.
1111 320 1116 329 Ι
1168 370 1208 427 75

164 524 222 561 non
239 504 378 575 concedo,
394 513 436 575 ut,
450 504 552 580 quibus
567 506 652 565 rebus
665 506 829 583 gloriemini
843 508 874 567 in
888 508 977 581 robis,
991 510 1108 567 easdem
1124 492 1166 567 in.

165 582 230 638 aliis
246 583 470 658 reprehendatis.

206 660 372 718 Tuberonis
393 682 453 720 sors
473 662 604 738 conjecta
618 674 661 721 est
675 682 711 721 ex
725 664 992 738 senatus-consulto,
1007 664 1075 725 cdnr
1097 666 1157 744 ipse

165 758 224 795 non
247 740 369 813 adesset,
391 742 489 799 morbo
508 742 595 799 etiam
617 743 821 818 impediretur:
849 754 987 803 statuerat
1007 764 1155 803 excusare.

165 816 242 875 Haec
263 838 317 895 ego
337 820 402 877 novi
423 830 534 896 propter
554 840 653 879 omnes
674 822 903 879 necessitudines
923 842 986 897 qure
1005 824 1075 881 mihi
1089 834 1156 883 sunt
1186 821 1205 875 5

164 915 233 952 curn
258 896 291 953 L.
318 898 482 957 Tuberone.
525 898 610 957 Domi
639 900 698 957 unti
724 901 840 970 eruditi,
868 901 977 959 militiae
1004 902 1157 961 contuber-

164 975 256 1045 nales,
270 975 334 1052 pdst
350 977 459 1048 affines,
473 978 502 1052 in
516 978 595 1034 omui
609 978 734 1053 denique
753 978 810 1035 vitri
825 978 996 1038 familiares:
1017 998 1155 1057 magnum

164 1054 253 1110 etiam
282 1055 438 1126 vinculum,
458 1054 536 1131 qudd
566 1056 669 1114 iisdem
699 1056 803 1114 studiis
832 1077 943 1134 semper
972 1058 1016 1116 usi
1046 1078 1153 1117 sumus.

165 1133 236 1190 Seio
258 1134 345 1210 igitur
366 1134 550 1192 Tuberonem
569 1135 646 1192 domi
665 1152 782 1193 manere
802 1136 940 1195 voluisse:
962 1138 1014 1195 sed
1034 1137 1074 1195 ita
1093 1138 1155 1213 qui·

83 1250 86 1253 -
165 1212 231 1268 darn
252 1214 365 1289 agebat,
381 1213 420 1271 ita
441 1212 604 1289 reipublicae
626 1214 839 1272 sanctissimum
859 1234 963 1274 nomen
984 1217 1154 1293 opponebat,
1170 1215 1204 1269 10

166 1300 205 1359 ut,
221 1291 309 1348 etiam
330 1291 354 1348 si
375 1291 456 1349 aliter
476 1292 604 1362 sentiret,
619 1292 769 1350 verborum
789 1304 886 1351 tamen
905 1294 1029 1428 ipsorum
1043 1295 1156 1371 pondus

164 1370 307 1427 sustinere
329 1390 385 1427 non
406 1381 526 1446 posset..
548 1370 645 1427 Cessit
666 1372 830 1430 auctoritati
851 1389 917 1447 amp
928 1372 1018 1429 issimi
1033 1373 1095 1443 viri,
1110 1373 1155 1430 vel

163 1447 259 1523 pitius
272 1449 374 1524 paruit.
416 1449 480 1507 Una
501 1459 544 1506 est
564 1450 709 1525 profectus
729 1469 796 1508 cum
817 1450 862 1519 iis,
877 1468 997 1524 quorum
1016 1461 1079 1508 erut
1097 1470 1156 1509 una

164 1546 270 1583 causa:
292 1526 402 1584 tardius
417 1528 470 1586 iter
485 1528 569 1585 fecit:
592 1528 689 1603 itaque
710 1528 741 1585 in
754 1528 886 1585 Africam
908 1528 985 1585 venit
996 1527 1056 1604 jam
1069 1548 1157 1586 occu·

163 1617 269 1681 petam.
312 1606 392 1663 Hinc
416 1608 446 1664 in
472 1606 622 1683 Ligarium
650 1606 760 1664 crimen
786 1606 886 1677 oritur,
910 1606 954 1663 vel
982 1606 1026 1663 ira
1051 1604 1154 1683 potiris.
1171 1614 1205 1669 15

164 1683 253 1754 Nam,
268 1684 292 1740 si
315 1685 424 1743 crimen
448 1696 491 1743 est
513 1685 603 1743 ullum
620 1686 753 1756 voluisse,
767 1705 825 1744 non
839 1683 936 1743 minius
949 1704 1087 1762 magnum
1101 1696 1154 1759 est,

164 1782 214 1819 uos
229 1763 371 1835 AfrIcam,
386 1765 514 1822 omnium
528 1765 738 1840 provinciarum
761 1782 868 1835 arcem,
882 1774 980 1822 natam
995 1764 1032 1821 ad
1047 1765 1155 1823 bellum

163 1853 265 1899 contra
287 1843 361 1900 hanc
382 1845 482 1901 urbem
503 1844 671 1920 gerendum,
691 1844 821 1901 obtinere
844 1844 975 1915 uoluisse,
996 1842 1083 1919 quam
1105 1844 1155 1903 ali·

163 1940 249 1994 quem
274 1940 305 1978 se
333 1922 475 1979 maluisse.
517 1924 614 1997 Atque
639 1922 662 1979 is
686 1933 781 1981 tamen
806 1922 909 1997 aliquis
936 1922 1072 2001 Ligarius
1095 1943 1153 1983 nou

165 2000 227 2057 fuit.
269 2000 365 2057 Varus
379 2001 529 2077 imperium
543 2020 574 2057 se
589 2002 694 2059 habere
708 2002 842 2059 dicebat:
865 2002 958 2059 fasces
971 2001 1051 2059 certe
1066 2002 1154 2060 habe·
1167 2002 1204 2057 2⁰

164 2078 222 2134 bat
264 2080 333 2149 Sed,
348 2098 460 2154 quoquo
473 2080 558 2137 modo
571 2099 634 2137 sese
648 2080 719 2137 illud
733 2081 830 2149 habet,
842 2080 904 2137 haec
918 2080 1036 2153 querela
1048 2093 1153 2152 vestra,

163 2156 294 2229 Tubero,
318 2158 386 2232 quid
414 2158 510 2216 raletl
544 2158 669 2235 Recepti
697 2158 727 2216 in
754 2158 931 2234 provinciam
959 2177 1016 2216 uon
1044 2176 1152 2216 sumus.

162 2237 257 2306 Quid,
272 2239 295 2294 si
316 2238 438 2296 essetisl
473 2237 620 2296 Caesarine
641 2256 706 2295 eam
726 2236 859 2294 tradituri
880 2236 1014 2308 fuissetis,
1030 2254 1067 2293 an
1088 2255 1155 2294 cou-

163 2326 208 2373 tra
222 2315 367 2372 Caesarem
381 2317 541 2374 retenturif

203 2393 291 2452 VIII.
325 2395 412 2467 Vide,
436 2397 505 2470 quid
528 2395 664 2466 licentiae,
685 2394 795 2466 Caesar,
818 2394 901 2454 nobis
923 2402 975 2451 tua
996 2391 1204 2452 liberalitas25

163 2473 222 2542 det,
243 2474 287 2530 vel
309 2474 403 2549 potiris
427 2475 565 2533 audaciae.
607 2475 639 2531 Si
661 2474 839 2550 responderit
860 2473 989 2545 Tubero,
1010 2472 1153 2546 Africam,

163 2550 221 2626 qud
243 2564 359 2609 senatus
379 2572 446 2610 euru
466 2573 583 2628 sorsque
603 2553 729 2624 miserat,
744 2553 796 2611 tibi
814 2564 924 2630 patrem
937 2571 1022 2610 suum
1035 2551 1151 2610 traditu·

163 2642 227 2688 ru'rn
253 2631 355 2701 suisse;
386 2652 443 2690 non
471 2633 618 2701 dubitabo,
648 2633 723 2708 apud
751 2632 843 2708 ipsum
870 2643 909 2703 te,
930 2631 1014 2710 cujus
1034 2631 1064 2689 id
1084 2651 1153 2690 eum

163 2709 260 2768 facere
281 2709 418 2782 interfuit,
439 2711 614 2788 gravissimis
635 2711 728 2769 verbis
748 2711 810 2787 ejus
829 2711 981 2769 consilium
1001 2711 1154 2786 reprehen-

162 2788 241 2846 dere.
282 2789 349 2847 Non
365 2789 441 2848 enim
456 2790 480 2848 si
494 2790 546 2847 tibi
560 2809 596 2847 ea
609 2809 655 2847 res
668 2801 751 2866 grata
773 2790 882 2860 fuisset,
896 2800 972 2846 esset
989 2790 1078 2846 etiam
1091 2808 1153 2864 pro·
1166 2790 1203 2846 30

163 2867 239 2924 bata
282 2868 340 2925 Sed
358 2869 417 2943 jam
439 2868 494 2926 hoc
513 2878 604 2926 totum
617 2869 735 2938 omitto;
756 2888 814 2925 non
827 2878 897 2938 tam,
911 2877 944 2924 ut
956 2887 994 2924 ne
1006 2867 1152 2923 offendam

162 2956 228 3003 tuas
251 2946 473 3023 patientissimas
494 2966 586 3018 aures,
601 2945 687 3022 qudm
707 2965 746 3003 ne
765 2945 895 3013 Tubero,
910 2944 985 3017 quod
1004 2962 1153 3016 nunquam

164 3025 310 3100 cogitavit,
343 3026 471 3083 facturus
504 3026 592 3083 fuisse
622 3025 762 3081 videatur.
803 3021 975 3079 veniebatis
1005 3019 1092 3095 igitur
1122 3021 1153 3077 in

164 3104 295 3161 Africam
310 3105 495 3180 provinciam,
511 3123 598 3162 unam
612 3123 648 3160 ex
661 3100 795 3158 omnibus
808 3099 878 3156 huic
891 3097 1017 3155 victorie
1027 3096 1152 3155 maxime

165 3183 314 3239 infestam:
337 3184 366 3240 in
380 3184 437 3258 qud
451 3193 513 3240 erat
523 3203 573 3240 rex
582 3178 807 3258 potentissimus,
819 3175 955 3235 inimicus
965 3175 1035 3232 huic
1046 3193 1152 3247 causae,
1167 3178 1204 3232 at

164 3261 259 3318 aliena
279 3262 418 3332 voluntas,
433 3272 589 3319 conventus
609 3258 683 3316 firmi
704 3268 788 3333 atque
802 3254 909 3332 magni
949 3255 1069 3324 Quaero,
1084 3254 1153 3328 quid

164 3340 269 3397 facturi
284 3341 396 3397 fuistisl
417 3359 590 3415 quanquam,
605 3338 674 3415 quid
689 3336 792 3394 facturi
807 3335 928 3406 fueritis,
942 3355 1000 3393 uon
1013 3333 1153 3405 dubitem,

165 3416 232 3474 curu
246 3419 369 3489 videam,
384 3419 453 3494 quid
468 3418 602 3476 feceritis.
644 3416 785 3474 Prohibiti
806 3416 874 3473 estis
889 3415 919 3472 in
931 3412 1080 3490 provincii
1093 3431 1154 3468 ves·

164 3497 330 3572 tripedem
350 3517 467 3574 ponere,
488 3507 517 3554 et
536 3495 671 3573 prohibiti
693 3494 740 3573 (ut
757 3493 928 3573 perhibetis)
950 3490 1063 3549 summit
1086 3509 1154 3548 cunr
1168 3571 1204 3625 4⁰

164 3594 279 3650 injuria.

202 3654 358 3715 Quomodo
379 3655 408 3712 id
428 3653 555 3712 tulistisl
578 3663 704 3728 acceptae
725 3651 837 3728 injuriae
851 3649 997 3724 querelam
1019 3649 1055 3704 ad
1068 3667 1153 3724 quem

164 3733 328 3790 detulistisl
360 3753 462 3810 nempe
490 3733 526 3790 ad
553 3751 630 3803 eum,
658 3732 743 3805 cujus
770 3729 970 3787 auctoritatem
997 3727 1099 3798 secuti,
1124 3727 1154 3785 iu

164 3813 332 3870 societatem
352 3813 421 3870 belli
442 3812 592 3876 veneratis.
633 3807 770 3871 Quodsi
792 3807 916 3865 Caesaris
936 3807 1025 3864 causti
1044 3807 1072 3863 in
1093 3826 1155 3882 pro·

164 3889 291 3948 vinciam
322 3891 497 3961 veniebatis;
529 3892 565 3949 ad
593 3908 660 3948 eum
686 3884 826 3964 profecti),
854 3884 964 3944 exclusi
996 3885 1153 3963 provincii,
