2775 4425
199 390 237 449 16
464 386 599 437 ORATIO
622 386 655 437 II.
679 386 716 437 IN
739 385 770 436 1..
788 383 1000 436 CATILINAM.

244 531 323 607 rique
334 529 491 606 jactantur,
507 530 531 586 si
553 548 656 605 aquam
677 530 804 606 gelidam
828 529 963 602 biberint,
985 528 1079 607 primo
1101 531 1220 588 relevari

245 610 385 679 videntur,
397 608 503 665 deinde
515 608 604 666 multd
618 607 734 685 gravius
754 607 1009 685 vehementiusque
1029 610 1201 667 afflictantur
1212 630 1220 679 ;

245 688 288 745 sic
302 688 349 745 hic
364 688 488 753 morbus,
498 687 546 762 qui
557 698 601 744 est
610 688 640 744 in
654 688 813 763 republicis,
824 688 965 745 relevatus
977 688 1059 745 istius
1068 689 1165 765 poeuti,
1175 708 1221 745 ve-

246 764 420 837 hementius,
436 766 506 823 vivis
520 765 647 841 reliquis,
662 765 853 842 ingravescet.

212 848 231 900 5
284 844 396 916 Quare,
412 844 511 902 Patres
525 844 701 920 conscripti,
715 845 853 901 secedant
868 843 1005 921 improbi;
1026 856 1180 903 secernant
1188 864 1220 901 se

247 943 263 981 a
277 924 376 993 bonis;
398 942 489 980 unum
510 924 539 980 in
554 922 650 980 locum
665 935 897 999 congregentur3
919 942 1000 981 muro
1024 924 1148 999 denique
1164 922 1217 999 (id,

245 1003 321 1078 quod
335 1022 410 1079 saepe
422 1002 482 1079 jam
497 1002 570 1079 dixi)
586 1012 774 1059 secernantur
789 1020 806 1059 a
820 1002 922 1059 uobis:
943 1002 1077 1059 desinant
1083 1003 1219 1067 ,insidiari

246 1081 322 1139 domi
337 1098 395 1137 suae
410 1080 531 1152 consuli,
546 1080 734 1137 circumstare
744 1080 868 1136 tribunal
883 1081 1010 1155 praetoris
1025 1081 1136 1151 urbani,
1146 1082 1220 1138 obsi·

245 1159 313 1217 dere
328 1177 395 1216 cum
405 1158 509 1237 gladiis
519 1158 640 1229 curiam,
652 1158 797 1215 malleolos
807 1170 836 1215 et
846 1158 924 1215 laces
936 1160 971 1215 ad
986 1158 1219 1217 inflammandam

197 1235 231 1288 ¹0
245 1238 346 1295 urbem
360 1256 542 1313 comparare:
564 1238 600 1294 sit
614 1236 739 1311 denique
753 1236 920 1311 inscriptum
935 1238 963 1295 in
979 1238 1071 1295 fronte
1084 1238 1219 1295 uuiuscu-

250 1316 363 1392 jusque,
374 1317 442 1391 quid
453 1316 489 1374 de
500 1313 647 1392 republicfi
658 1315 770 1372 sentiat.
806 1315 946 1373 Polliceor
957 1317 1012 1373 hoc
1022 1316 1110 1385 robis,
1120 1316 1219 1374 Patres

245 1394 419 1471 Conscripti,
433 1405 542 1452 tantam
557 1396 586 1453 in
600 1394 682 1452 nobis
697 1394 862 1451 consulibus
876 1395 935 1451 fore
955 1395 1144 1470 diligentiam,
1158 1407 1220 1452 tan-

244 1483 304 1531 tam
318 1474 347 1532 in
362 1475 442 1531 vobis
457 1474 665 1543 auctoritatem,
679 1482 790 1531 tantam
804 1472 834 1530 in
848 1474 992 1547 equitibus
1012 1472 1153 1530 Romanis
1166 1475 1220 1531 vir·

245 1562 345 1624 tutem,
360 1562 469 1611 tantam
484 1553 513 1610 in
533 1553 666 1610 omnibus
686 1552 769 1609 bonis
788 1552 1015 1621 consensionem,
1029 1562 1070 1622 nt,
1085 1552 1218 1609 Catilinae

197 1626 230 1679 15
244 1632 429 1707 profectione,
443 1632 540 1689 omnia
560 1631 713 1707 patefacta,
736 1630 886 1700 illustrata,
906 1649 1048 1706 oppressa,
1063 1630 1218 1703 vindicata,

244 1728 308 1767 esse
322 1710 451 1766 videatis.

285 1786 376 1843 Hisce
389 1786 544 1857 ominibus,
558 1786 695 1856 Catilina,
710 1804 777 1843 cum
791 1784 904 1843 summi
914 1786 1078 1862 reipublicae
1089 1788 1181 1845 salute
1190 1798 1218 1845 et

245 1882 312 1921 cnm
325 1864 376 1921 tud
388 1873 468 1940 peste
483 1882 517 1921 ac
527 1864 665 1939 pernicie,
677 1882 801 1940 cumque
811 1884 910 1922 eorum
921 1866 1007 1923 exitio
1017 1866 1066 1941 qui
1080 1886 1111 1923 se
1122 1877 1218 1924 tecum

243 1942 322 2000 omni
336 1942 445 1999 scelere
457 1942 667 2018 parricidioque
678 1942 845 2017 junxerunt,
856 1943 1038 2019 proficiscere
1049 1945 1085 2001 ad
1100 1944 1218 2020 impium

194 2024 230 2078 20
246 2019 351 2077 bellum
366 2038 401 2078 ac
421 2020 571 2079 nefarium.
613 2021 692 2078 Tum
707 2032 749 2092 tu,
773 2020 896 2098 Jupiter,
918 2022 967 2097 qui
991 2022 1102 2093 iisdem,
1117 2024 1220 2098 quibus

245 2099 308 2156 haec
322 2100 399 2170 urbs,
415 2100 550 2176 auspiciis
565 2118 581 2157 a
593 2100 719 2157 Romulo
729 2120 761 2157 es
771 2100 943 2159 constitutus
955 2121 962 2170 ;
983 2120 1068 2176 quem
1078 2102 1219 2158 Statorem

244 2177 329 2254 hujus
349 2178 428 2237 urbis
449 2188 534 2256 atque
557 2178 669 2257 imperii
693 2177 760 2238 vend
784 2179 983 2249 nominamus;
1012 2180 1090 2239 hunc
1113 2191 1142 2238 et
1169 2180 1221 2237 hu·

248 2257 295 2334 jus
315 2258 440 2316 sociosa
459 2258 516 2316 tuis
531 2259 587 2317 aris
601 2257 770 2333 caeterisque
789 2259 912 2335 templis,
938 2278 954 2316 a
977 2259 1061 2316 tectis
1085 2259 1164 2316 urbis
1184 2278 1219 2316 ac
1247 2326 1253 2344 ι

243 2337 396 2407 moenibus,
411 2354 429 2394 a
441 2336 500 2394 vita
516 2337 691 2412 fortunisque
703 2337 810 2394 civium
820 2338 958 2405 omnium,
971 2336 1098 2393 arcebis:
1120 2347 1149 2394 et
1162 2356 1220 2394 om·

193 2415 229 2468 25
243 2432 295 2470 nes
309 2414 441 2471 inimicos
461 2414 608 2484 bonorum,
630 2415 725 2470 hostes
745 2415 853 2490 patria,
868 2415 992 2470 latrones
1015 2414 1117 2483 Italiae,
1131 2415 1221 2472 scele-

243 2509 306 2548 rum
321 2491 428 2549 loedere
443 2491 516 2548 inter
530 2510 561 2547 se
576 2509 611 2548 ac
624 2490 736 2548 nefaris
756 2492 894 2548 societate
914 2490 1090 2566 conjunctos,
1105 2491 1220 2548 aetemis

243 2567 390 2643 suppliciis
405 2567 481 2626 vivos
495 2577 675 2643 mortuosque
689 2568 838 2625 mactabis.

542 2786 916 2818 m

572 2952 802 3035 ORATIO
837 2953 894 3035 ll.

714 3158 742 3193 Il

472 3296 984 3374 LACATILINAM.

284 3590 308 3649 Ι.
343 3590 483 3650 Taunum
506 3591 668 3666 aliquando,
681 3591 825 3663 Quirites,
845 3592 879 3650 L.
895 3592 1062 3665 Catilinam,
1078 3593 1218 3652 furentem

245 3670 378 3740 audacis,
392 3671 486 3728 scelus
509 3671 701 3741 anhelantem,
715 3682 824 3745 pestem
847 3672 946 3748 patriae
970 3671 1079 3730 nefarie
1104 3673 1220 3731 molien-

194 3752 229 3806 30
244 3759 313 3817 tem,
328 3748 407 3805 vobis
421 3760 505 3824 atque
519 3750 587 3807 huic
603 3749 666 3807 urbi
688 3749 794 3806 ferrum
809 3749 1010 3825 flammamque
1028 3753 1218 3821 minitantem,

244 3845 280 3883 ex
294 3826 365 3883 urbe
380 3827 422 3883 vel
437 3828 585 3903 ejecimus,
600 3829 643 3886 vel
659 3828 816 3900 emisimus,
831 3829 885 3900 rel,
901 3829 992 3906 ipsum
1013 3831 1219 3906 egredientem,

245 3903 339 3961 verbis
346 3907 489 3980 prosecuti
498 3925 604 3964 sumus.
647 3907 740 3980 Abiit,
751 3908 883 3980 excessit,
894 3908 995 3981 evasit,
1006 3909 1107 3984 erupit.
1148 3908 1177 3965 N
1180 3909 1219 3966 ul·
