2775 4425
353 345 491 394 ORATIO
513 344 583 394 PRO
604 343 635 394 T.
657 343 773 394 ANNIO
794 343 943 394 mlcous.
1138 344 1196 403 119

148 490 227 547 lectu
243 491 321 560 dato,
343 488 485 566 judicium
510 498 742 564 exspectaturum
767 487 855 546 luisse
879 487 910 546 in
933 487 995 564 ejus
1016 487 1145 547 consiliis

149 568 343 640 vindicandis,
368 568 417 643 qui
432 569 474 626 vel
496 567 608 645 judicia
622 567 683 645 ipsa
707 568 841 626 tolleretl
883 569 962 624 Satis
982 567 1145 646 judicatum

150 657 196 706 est
211 667 229 704 a
242 646 389 724 Pompeio,
404 649 483 719 satis,
499 645 571 705 falsd
587 647 640 704 ista
664 647 789 706 conferri
804 648 834 704 in
855 645 1015 704 Milonem:
1035 647 1084 724 qui
1105 647 1146 704 la·

150 745 218 803 gem
232 727 307 796 tulit,
322 727 389 801 quil,
404 736 436 782 ut
449 745 504 803 ego
527 726 629 796 sentio,
654 725 796 784 Milonem
820 724 928 784 absolvi
942 745 959 784 a
973 727 1053 784 vobis
1064 745 1146 802 opor·

151 815 244 875 teret;
267 815 297 861 ut
307 824 407 862 omnes
421 806 603 876 confitentur,
618 805 729 864 liceret.
1176 809 1195 864 t

191 883 283 946 Quod
297 883 365 942 verb
381 883 410 942 in
425 884 474 942 illo
487 885 559 960 loco,
575 895 661 960 atque
675 884 733 942 illis
751 884 932 961 publicorum
946 883 1146 961 presidiorum

152 963 243 1038 copiis
266 962 469 1035 circumfusus,
493 964 592 1034 sedst;
614 963 685 1022 satis
707 964 847 1034 declarat,
874 982 906 1021 sa
929 983 987 1022 nou
1007 973 1146 1022 terrorem

137 1042 260 1100 inferre
274 1041 364 1113 vobis,
380 1041 463 1117 (quid
477 1043 555 1100 enim
580 1043 629 1101 illo
653 1041 749 1100 minda
772 1043 903 1120 dignum,
918 1041 1005 1118 qudm
1030 1061 1145 1120 cogere,

152 1131 184 1178 ut
204 1140 254 1178 vos
274 1139 342 1178 eum
369 1121 577 1193 condemnetis,
599 1122 629 1180 in
650 1141 736 1197 quem
767 1121 995 1180 animadvertere
1025 1121 1096 1199 ipse,
1116 1132 1147 1180 at

150 1219 232 1258 more
246 1199 386 1276 majorum
408 1210 437 1257 et
460 1220 513 1259 suo
533 1201 607 1277 jure,
631 1202 763 1279 possetl)
788 1202 838 1260 sed
862 1201 997 1276 praesidio
1010 1220 1092 1270 esse3
1116 1212 1147 1258 ut
1165 1201 1196 1257 to

151 1279 330 1355 intelligatis,
346 1289 446 1336 contra
465 1281 630 1338 hesternam
654 1280 826 1339 concionem
849 1280 939 1352 illam,
952 1280 1042 1338 licere
1056 1280 1146 1352 vobis,

151 1358 228 1434 quod
243 1357 383 1428 sentiatis,
398 1357 488 1416 libere
501 1359 642 1435 judicare.

191 1435 325 1494 XXVII.
362 1436 426 1495 Nec
442 1437 510 1496 verb
531 1457 587 1510 me,
610 1439 735 1515 judices,
760 1437 935 1495 Clodianum
956 1436 1067 1494 crimen
1088 1455 1149 1494 mo·

150 1526 217 1573 vet:
238 1535 295 1573 nec
308 1525 368 1573 tam
383 1535 446 1574 sum
461 1517 590 1589 demens,
605 1529 722 1594 tamque
736 1516 822 1574 vestri
843 1516 946 1574 senatis
966 1515 1085 1592 ignarus
1106 1525 1148 1573 at-

150 1614 208 1670 que
221 1614 333 1670 expers,
347 1611 380 1652 ut
393 1595 533 1667 nesciam,
548 1597 616 1671 quid
632 1597 668 1654 de
689 1606 781 1656 morte
802 1595 899 1652 Clodii
919 1595 1059 1652 sentiatis.
1100 1594 1147 1652 De
1162 1593 1198 1648 15

151 1674 218 1749 qud,
234 1674 258 1730 si
276 1673 336 1749 jam
361 1675 465 1732 nollem
490 1676 530 1733 ite
550 1676 661 1734 diluere
682 1675 804 1746 crimen,
819 1685 851 1731 ut
874 1673 956 1745 dilui,
977 1684 1075 1732 tamen
1096 1674 1149 1732 im·

150 1751 229 1829 pune
252 1752 355 1812 Miloni
377 1753 472 1830 pallam
487 1755 613 1812 clamare
634 1765 720 1830 atque
743 1753 858 1812 mentiri
882 1752 1005 1831 gloriosis
1026 1754 1146 1812 liceret:

151 1832 270 1903 Occidi,
284 1833 391 1904 occidi,
405 1853 463 1892 non
485 1835 534 1909 Sp.
550 1833 683 1905 Malium,
697 1834 757 1910 qui,
773 1835 888 1892 annoni
908 1834 1042 1904 levandi,
1053 1834 1148 1910 jactu·

151 1912 249 1987 risque
263 1911 305 1970 rei
321 1912 479 1983 familiaris,
495 1913 563 1988 quia
587 1912 673 1971 nimis
698 1913 832 1990 amplecti
846 1912 960 1990 piebem
980 1915 1146 1988 putabatur,

151 1991 182 2049 in
196 1991 390 2068 suspicionem
405 1992 508 2051 incidit
530 1991 612 2069 regni
638 1993 809 2069 appetendi:
830 2012 889 2050 non
903 1992 952 2048 Ti.
967 1992 1146 2063 Gracchum,
1160 2000 1198 2053 20

151 2069 201 2146 qui
215 2071 334 2147 collegae
349 2070 548 2148 magistratum
568 2091 617 2148 per
642 2071 813 2129 seditionem
838 2071 1004 2146 abrogavit;
1026 2089 1148 2144 quorum

151 2149 352 2208 interfectores
366 2149 521 2227 implerunt
542 2151 642 2209 orbem
666 2160 808 2208 terrarum
832 2149 957 2206 nominis
978 2148 1022 2205 sui
1037 2148 1148 2225 gloria:

150 2232 202 2287 sed
217 2249 295 2300 eum,
312 2230 446 2306 (auderet
469 2231 547 2289 enim
572 2231 680 2301 dicere,
695 2228 765 2288 crim
787 2228 921 2306 patriam,
936 2227 1066 2304 periculo
1086 2246 1148 2299 suo,

150 2310 316 2388 liberasset)
333 2310 416 2385 cujus
435 2310 594 2368 nefandum
609 2309 783 2368 adulterium
804 2308 834 2366 in
848 2308 1046 2385 pulvinaribus
1066 2326 1150 2363 sanc-

150 2388 270 2446 tissimis
291 2388 475 2447 nobilissime
499 2388 624 2447 heminae
640 2389 939 2465 comprehenderunt:
964 2405 1042 2459 eum,
1066 2386 1149 2463 cujus
1162 2384 1199 2439 95

152 2468 293 2544 supplicio
315 2479 433 2526 senatus
456 2470 600 2527 sollennes
627 2468 781 2547 religiones
801 2468 958 2545 expiandas
985 2486 1060 2543 srepe
1081 2486 1150 2524 cen·

151 2547 208 2604 suit
220 2568 227 2605 ε
250 2567 327 2619 eum,
339 2551 425 2622 quem
436 2567 503 2605 cum
514 2567 610 2606 sorore
621 2549 760 2625 germana
770 2548 912 2606 nefarium
923 2559 1053 2625 stuprum
1065 2546 1150 2604 fecis·

152 2646 192 2698 se,
207 2626 242 2684 L.
258 2626 409 2699 Lucullus,
420 2628 544 2703 juratus,
566 2647 607 2699 se,
622 2628 828 2702 questionibus
848 2628 964 2699 habitis,
979 2626 1052 2685 dixit
1072 2646 1149 2685 com·

150 2706 277 2782 perisse:
299 2725 376 2777 eum,
392 2706 441 2781 qui
456 2706 559 2777 civem,
574 2726 660 2783 quem
674 2718 802 2779 senatus,
816 2727 902 2783 quem
915 2708 1047 2785 populus,
1063 2724 1149 2780 quem

151 2804 252 2843 omnes
266 2796 377 2863 gentas,
392 2785 479 2843 Urbis
504 2806 539 2843 ac
563 2787 627 2844 vitae
652 2787 760 2845 civium
783 2798 1015 2845 conservatorem
1036 2784 1199 2860 judica-30

151 2876 226 2936 rant,
251 2882 397 2923 servorum
419 2865 506 2923 armis
527 2866 746 2924 exterminavit:
777 2884 855 2935 eum,
876 2865 926 2939 qui
947 2882 1039 2939 regna
1058 2863 1148 2933 dedit,

153 2944 270 3015 ademit,
285 2945 384 3001 orbem
398 2954 550 3016 terrarum,
562 2946 735 3020 quibuscum
745 2943 844 3013 voluit,
855 2942 977 3019 partitus
987 2950 1049 2997 ast:
1071 2958 1149 3010 eum,

151 3022 210 3099 qui,
245 3023 377 3099 plurimis
407 3024 536 3082 caedibus
566 3024 596 3083 in
625 3025 685 3081 loro
713 3022 806 3092 lactis,
834 3017 975 3097 singulari
996 3018 1100 3075 virtute
1121 3027 1150 3074 at

151 3102 243 3179 gloria
259 3102 352 3160 civem
377 3103 494 3161 domum
517 3103 546 3161 vi
570 3114 600 3162 et
614 3102 702 3160 armis
725 3100 882 3175 compulit:
904 3117 982 3169 eum,
1006 3096 1055 3154 cui
1076 3096 1149 3154 nihil

151 3200 279 3257 unquam
294 3182 376 3240 nefas
391 3182 444 3239 fuit
458 3202 514 3240 nec
528 3183 558 3241 in
574 3182 703 3241 facinore
717 3200 774 3238 nec
793 3179 824 3237 in
847 3179 987 3237 libidine:
1009 3194 1086 3245 eum,
1101 3174 1150 3250 qui
1164 3184 1200 3239 35

152 3263 244 3319 aedem
259 3260 460 3337 Nympharum
482 3262 622 3333 incendit,
637 3272 668 3317 ut
691 3259 860 3317 memoriam
882 3258 1029 3336 publicam
1050 3275 1152 3313 recen·

151 3340 250 3412 sionis,
265 3341 372 3398 tabulis
385 3340 510 3417 publicis
521 3342 700 3417 impressam,
711 3340 911 3417 extingueret:
933 3358 999 3396 eum
1015 3335 1151 3409 denique,

151 3419 199 3477 cui
211 3421 272 3495 jam
287 3420 367 3478 nulla
380 3421 427 3479 lex
441 3432 512 3493 erat,
527 3420 638 3479 nullum
659 3419 744 3477 civile
764 3420 821 3496 jus,
845 3418 917 3477 nulli
940 3415 1152 3496 possessionum

151 3499 287 3571 termini;
318 3500 378 3575 qui,
406 3520 464 3559 non
492 3500 638 3559 calumnia
666 3499 856 3571 litium,snon
884 3497 997 3575 injustis
1017 3492 1152 3552 vindiciis

152 3596 187 3637 ac
210 3580 412 3651 sacramentis,
438 3580 546 3638 alienos
571 3579 683 3649 fundos,
698 3579 749 3636 sed
774 3578 886 3649 castris,
900 3576 1041 3645 exercitu,
1062 3572 1152 3650 signis
1166 3580 1202 3633 40

151 3656 321 3730 inferendis,
345 3660 480 3737 petebat;
502 3659 623 3736 quinon
647 3656 741 3715 solum
766 3658 914 3727 Etruscos,
930 3656 993 3731 (eos
1014 3653 1092 3711 enim
1106 3673 1153 3730 pe·

150 3738 231 3797 nitus
245 3740 472 3818 contempserat)
488 3740 540 3797 sed
554 3740 632 3797 hunc
646 3738 686 3799 Q.
703 3737 835 3808 Varium,
850 3736 943 3793 virum
955 3734 1151 3805 fortissimum,

152 3828 238 3895 atque
258 3817 399 3894 optimum
421 3818 525 3891 civem,
544 3818 674 3895 judicem
698 3828 838 3887 nostrum,
865 3814 973 3892 pellere
998 3814 1153 3890 possessio-

151 3897 239 3955 nibus
253 3896 342 3955 armis
366 3898 526 3973 castrisque
551 3908 672 3955 conatus
686 3906 748 3966 est;
770 3894 829 3969 qui,
844 3914 912 3953 cum
937 3893 1103 3952 architectis
1123 3902 1153 3950 et
