2775 4425
395 362 532 413 ORATIO
554 362 624 414 PRO
646 364 745 415 LEGE
766 362 932 414 mamam.
1169 370 1210 429 35

167 506 282 584 magnis
308 506 398 583 copiis
424 506 605 565 minitantem
632 507 722 579 Asiae,
742 506 906 565 retardavit.
947 505 986 565 Et
1004 506 1156 583 quisquam

167 587 321 656 dubitabit,
336 586 405 659 quid
419 587 523 643 virtute
536 586 716 663 perfecturus
729 587 776 657 ait,
790 587 839 660 qui
854 596 965 643 tantum
985 587 1156 645 auctoritate

167 666 341 741 perfeceritl
363 676 413 722 aut
425 664 512 739 quim
527 664 613 722 facile
635 665 754 741 imperio
772 676 858 739 atque
872 665 999 722 exercitu
1014 666 1108 723 socios
1126 678 1156 723 et

167 744 322 819 vectigalia
336 754 555 801 conservaturus
575 744 621 815 ait,
636 744 684 819 qui
706 744 767 820 ipso
786 743 904 801 nomine
924 762 960 801 ac
980 762 1093 803 rumore
1107 745 1156 802 de·
1188 818 1207 871 ⁵

168 820 312 879 senderitl

207 900 292 957 XVI.
328 900 394 977 Age
407 899 485 971 vero,
501 900 550 959 illa
564 920 610 959 res
622 910 760 977 quantam
775 901 903 959 declarat
916 899 1045 977 ejusdem
1064 901 1156 959 lromi·

167 978 214 1035 nis
228 978 303 1054 apud
324 980 419 1036 hostes
438 994 533 1055 popius
554 979 682 1037 Romani
703 980 915 1051 auctoritatem,
929 978 1007 1054 qudd
1027 998 1063 1037 ex
1082 981 1155 1037 locis

167 1066 226 1113 tam
247 1058 420 1133 longinquis,
441 1069 556 1133 tamque
576 1059 706 1128 diversis,
726 1067 785 1115 tam
807 1059 884 1117 brevi
905 1069 1041 1135 tempore,
1054 1077 1154 1117 omnes

169 1136 218 1192 uni
244 1137 313 1193 huic
337 1155 369 1193 se
395 1136 586 1193 dedideruntl
614 1136 692 1212 qudd
713 1136 896 1195 Cretensium
916 1137 1015 1215 legati,
1035 1155 1102 1195 cum
1124 1138 1154 1195 in

167 1233 267 1271 eorum
292 1214 388 1271 insulsi
417 1226 514 1272 noster
542 1214 694 1291 imperator
714 1215 914 1291 exercitusque
933 1224 1019 1285 esset,
1040 1216 1077 1273 ad
1098 1215 1153 1273 Cn.
1173 1218 1206 1270 1⁰

167 1293 335 1368 Pompeium
356 1292 385 1350 in
406 1293 521 1350 ultimas
540 1292 627 1369 propt}
646 1305 738 1351 terras
749 1306 899 1364 venerunt,
912 1292 997 1369 eique
1011 1314 1041 1351 se
1054 1312 1155 1351 ornnes

167 1371 351 1429 Cretensium
379 1372 510 1429 civitates
536 1372 641 1429 dedere
668 1372 741 1429 velle
768 1372 921 1429 dixeruntl
953 1372 1057 1433 Quidt
1078 1371 1154 1429 idem

167 1450 221 1507 iste
243 1450 436 1520 Mithridates,
450 1469 555 1520 nonne,
570 1451 606 1508 ad
621 1450 745 1507 eundern
765 1450 821 1507 On.
836 1450 1015 1525 Pompeium,
1028 1450 1154 1526 legatum

167 1548 258 1604 usque
279 1529 308 1585 in
331 1528 500 1604 Hispaniam
516 1530 609 1598 misit,
631 1546 756 1604 eumque
775 1528 929 1604 Pompeius
942 1528 1068 1605 legatum
1082 1546 1156 1584 sem-

166 1628 217 1683 per
233 1608 389 1683 judicavit:
412 1607 442 1678 ii,
458 1608 562 1683 quibus
580 1626 691 1683 semper
712 1619 774 1664 erat
794 1607 954 1677 molestum,
969 1608 1006 1664 ad
1023 1624 1089 1663 eum
1108 1608 1207 1683 po-tt

166 1686 310 1743 tissimum
325 1705 387 1743 esse
401 1687 529 1756 missum,
544 1686 762 1761 speculatorem,
775 1684 862 1761 qudm
880 1686 1017 1763 legatum,
1029 1686 1154 1761 judicari

166 1765 339 1822 maluerunt.
380 1764 503 1823 Potestis
523 1764 609 1841 igitur
627 1764 687 1840 jam
708 1766 892 1836 constituere,
912 1765 1056 1835 Quirites,
1077 1765 1154 1822 hanc

168 1844 379 1914 auctoritatem,
400 1844 497 1901 multis
523 1854 621 1919 postea
640 1844 727 1901 rebus
746 1844 844 1921 gestia,
865 1844 1033 1921 magnisque
1053 1844 1154 1901 vestris

164 1921 284 1998 judiciis
312 1922 523 1998 amplificatam,
545 1920 684 1996 quantum
711 1923 787 1998 apud
814 1923 877 1980 illos
899 1942 992 1999 reges,
1012 1922 1153 1999 quantum

168 2002 244 2077 apud
259 2011 370 2058 exteras
383 2000 523 2071 nationes,
538 2001 688 2057 valituram
702 2020 766 2057 ease
779 2002 957 2058 existimetis

208 2079 367 2154 Reliquum
388 2090 440 2150 est,
456 2089 486 2136 ut
506 2080 543 2136 de
563 2079 712 2149 felicitate,
726 2096 812 2153 quam
832 2090 965 2154 praestare
985 2079 1022 2135 de
1042 2098 1074 2135 se
1093 2080 1155 2154 ipso

167 2176 255 2217 nemo
266 2169 367 2234 potest,
382 2157 546 2216 meminisse
556 2168 585 2215 et
596 2174 821 2215 commemorare
834 2157 871 2214 de
887 2156 976 2215 altero
994 2175 1154 2232 possumus,

167 2237 245 2294 sicut
270 2257 382 2312 aequum
409 2248 453 2295 eat
480 2237 588 2294 homiui
615 2237 652 2293 de
678 2247 818 2311 potestate
845 2235 983 2306 Deorum,
1003 2235 1104 2291 timide
1125 2247 1155 2293 et

166 2335 262 2392 pauca
275 2316 413 2374 dicamus.
455 2315 519 2392 Ego
531 2315 609 2373 enim
624 2315 667 2372 sic
680 2315 830 2372 existimo:
852 2314 989 2385 Maximo,
1005 2313 1153 2385 Marcello,

106 2403 109 2410 ’
169 2395 308 2469 Scipioni,
324 2393 428 2466 Mario,
443 2405 472 2452 et
491 2394 603 2453 caeteris
623 2393 737 2470 magnis
750 2393 977 2469 imperatoribus,
991 2413 1048 2451 non
1062 2393 1154 2451 solum
1170 2399 1207 2452 25

166 2485 280 2549 propter
294 2474 437 2545 virtutem,
451 2474 502 2531 aed
516 2474 603 2530 etiam
619 2483 732 2548 propter
752 2471 904 2544 fortunam,
918 2473 1021 2549 sepius
1034 2473 1154 2549 imperia

62 2568 64 2573 ·
167 2553 314 2622 mandata,
336 2563 420 2628 atque
443 2552 587 2610 exercitus
606 2570 669 2608 esse
690 2551 864 2610 commissos.
906 2551 976 2609 Fuit
995 2551 1071 2610 enim
1091 2573 1154 2629 pro-

168 2629 246 2687 fectd
266 2631 437 2705 quibusdam
457 2631 576 2688 summis
596 2630 664 2688 viris
682 2631 813 2705 quaedam
834 2632 871 2688 ad
892 2631 1106 2707 amplitudinem
1124 2642 1154 2690 et

167 2708 299 2784 gloriam,
313 2720 343 2766 et
357 2711 392 2766 ad
407 2729 452 2767 res
466 2727 586 2786 magnas
606 2708 679 2766 bene
702 2709 852 2785 gerendas,
866 2710 1004 2767 divinitus
1017 2710 1155 2786 adjuncta

169 2787 301 2845 fortuna:
329 2789 366 2844 de
389 2789 474 2863 hujus
501 2798 596 2845 autem
624 2788 748 2845 hominis
774 2788 922 2858 felicitate,
943 2789 1056 2862 quode
1075 2808 1154 2846 nunc
1170 2794 1206 2848 30

169 2866 292 2942 agimus,
307 2867 363 2924 hac
383 2876 446 2924 utar
464 2867 658 2924 moderatione
672 2866 799 2935 dicendi,
813 2885 870 2924 non
885 2877 917 2921 ut
931 2867 960 2922 in
975 2865 1052 2922 illius
1063 2878 1155 2940 potes-

167 2955 228 3002 tate
249 2945 391 3002 fortunam
416 2945 537 3022 positam
558 2965 621 3002 esse
642 2946 749 3014 dicam,
769 2943 820 2999 aed
840 2954 873 2999 ut
891 2942 1036 3017 praeterita
1056 2944 1156 2999 memi-

168 3023 257 3094 nisse,
269 3024 378 3098 reliqua
388 3043 501 3100 sperare
511 3025 675 3090 videamur3
696 3041 734 3078 ne
749 3030 798 3077 aut
811 3019 904 3076 invisa
917 3019 982 3076 Diis
992 3019 1157 3076 immortali·

169 3101 223 3158 bus
236 3101 327 3158 oratio
340 3113 445 3173 nostra,
461 3113 509 3160 aut
522 3103 646 3178 ingrata,
661 3119 724 3156 esse
738 3099 876 3156 videatur.

209 3179 311 3254 Itaque
341 3201 398 3238 uon
418 3201 481 3238 sum
508 3180 724 3257 praedioaturua,
744 3177 886 3247 Quirites,
901 3186 1022 3253 quantas
1042 3174 1091 3234 ille
1110 3197 1157 3235 res
1172 3186 1208 3239 35

168 3258 247 3316 domi
261 3259 436 3334 militiaque,
447 3261 524 3317 terra
537 3259 677 3332 marique,
688 3257 852 3332 quantaque
867 3256 1004 3314 felicitate
1017 3257 1154 3333 gesserit:

169 3347 202 3393 ut
221 3336 284 3412 ejus
310 3355 422 3414 semper
448 3337 641 3396 voluntatibus
667 3355 727 3394 non
754 3333 840 3394 modo
867 3336 946 3394 cives
972 3336 1155 3406 assenserint,

169 3415 240 3472 socii
260 3416 493 3492 obtemperirint,
507 3417 603 3474 hostes
621 3415 792 3487 obedierint,
810 3417 861 3473 sed
881 3415 969 3474 etiam
989 3414 1066 3471 venti
1086 3425 1157 3470 tem·

167 3504 349 3570 pestatesque
375 3493 607 3553 obsecundirint.
650 3495 716 3552 Hoc
743 3493 909 3552 brevissime
936 3493 1042 3562 dicam,
1067 3493 1157 3550 nemi·

169 3591 236 3629 nem
258 3591 384 3646 unquam
404 3584 463 3630 tam
485 3573 679 3649 impudentem
701 3572 798 3644 fuisse,
811 3573 894 3648 quia
913 3571 979 3629 Diis
992 3571 1157 3628 immortali·
1172 3579 1207 3633 40

169 3651 223 3708 bus
243 3661 284 3709 tot
297 3663 325 3708 et
338 3662 434 3710 tantas
454 3671 500 3724 res
519 3653 626 3708 tacitus
646 3653 765 3709 auderet
783 3662 891 3727 optare,
906 3660 974 3724 quot
993 3658 1022 3706 et
1035 3661 1156 3724 quantas

168 3729 219 3786 Dii
240 3730 415 3788 immortales
436 3733 472 3788 ad
493 3729 548 3788 Cn.
562 3727 737 3806 Pompeium
751 3730 923 3786 detulerunt.
963 3727 1053 3790 Quod
1068 3740 1100 3786 ut
1114 3729 1154 3787 illi

167 3809 312 3885 proprium
333 3827 369 3867 ac
388 3821 556 3886 perpetuum
577 3809 623 3874 ait,
635 3808 780 3880 Quirites,
794 3806 863 3866 crim
876 3805 1156 3868 communiasalutis
