2775 4425
420 306 555 357 onsmo
579 306 648 357 ano
671 278 708 367 αξ
729 307 889 359 mosum.
1156 312 1197 373 7³

195 448 228 506 V.
265 448 329 527 Ego
350 447 417 510 verb
437 450 513 508 istud
533 470 590 511 non
610 451 731 529 postulo,
746 450 866 527 inquies
908 450 954 509 Ita
969 450 1143 533 (mehercle)

150 528 294 600 existimo,
309 528 445 587 Tubero:
468 530 532 587 novi
553 530 630 587 enim
651 540 696 599 te;
718 532 783 588 novi
801 542 927 607 patrem;
947 531 1013 589 novi
1027 530 1144 589 domum

151 626 314 683 nomenque
335 620 479 665 vestrum:
501 610 597 666 studia
617 610 742 684 denique
762 610 877 687 generis
898 629 934 667 ac
954 609 1068 667 familie
1083 628 1143 667 ves·

151 696 212 756 trae,
228 687 350 757 virtutis,
368 687 565 759 humanitatis,
580 688 727 759 doctrinar,
739 688 925 765 plurimarum
940 688 1043 745 artium
1058 698 1143 765 atque

150 764 335 840 optimarum,
356 778 423 824 nota
447 776 514 823 sunt
537 766 608 824 mihi
631 766 738 825 omnia.
779 766 882 843 ltaque
905 764 985 825 certd
1005 766 1076 839 scio,
1095 786 1144 825 vos
1177 769 1196 824 5

151 862 210 900 non
250 854 328 901 etere
349 844 539 922 sanguinem:
561 846 611 903 sed
625 864 726 922 parum
742 846 897 903 attenditis.
939 844 1002 903 Res
1015 846 1093 904 enim
1107 844 1143 904 ed

151 864 274 999 specfdt,
289 934 321 980 ut
335 924 370 981 esi
384 924 479 999 poend,
494 922 524 981 in
539 924 595 999 qud
611 924 707 982 adhuc
719 925 760 988 Q.
773 924 908 1002 Ligarius
921 925 967 997 sit,
978 944 1035 983 uon
1048 924 1144 984 ridea-

151 1001 224 1057 mini
248 1021 311 1059 esse
337 1002 472 1060 contenti.
513 1003 591 1064 Qum
613 1014 656 1061 est
680 1002 768 1081 igitur
792 1004 858 1075 alia,
878 1014 980 1080 preter
1000 1006 1143 1062 mortem?

150 1080 185 1137 Si
207 1081 284 1138 enim
306 1082 335 1139 in
356 1082 456 1139 exsilio
477 1091 530 1153 est,
551 1082 636 1139 sicuti
659 1092 712 1153 est,
737 1082 806 1157 quid
830 1084 952 1161 amplius
973 1082 1143 1219 postulatisf

150 1178 200 1229 an,
219 1179 257 1216 ne
278 1160 464 1237 ignoscaturl
493 1160 548 1218 hoc
568 1160 635 1218 verb
657 1160 747 1219 multd
768 1162 910 1234 acerbius,
929 1162 1077 1236 mutoque
1099 1173 1143 1219 est
1162 1159 1195 1213 1⁰

149 1238 261 1296 durius.
302 1238 391 1301 Quod
412 1260 464 1297 nos
483 1238 559 1297 dorni
573 1239 706 1315 petimus,
721 1241 854 1317 precibus
868 1251 896 1298 et
909 1241 1054 1317 lacrymis,
1067 1259 1144 1316 pros·

148 1318 219 1373 trati
241 1318 277 1375 ad
296 1318 394 1394 pedes,
409 1337 466 1377 non
487 1329 545 1375 tam
566 1328 669 1376 nostras
690 1338 785 1376 causae
806 1318 937 1390 fidentes,
951 1318 1037 1394 qudm
1059 1320 1144 1395 bujns

148 1396 336 1468 humanitati,
358 1397 387 1455 id
414 1416 451 1455 ne
479 1397 673 1473 impetremus,
701 1396 865 1475 pugnabisl
902 1408 932 1455 et
958 1396 989 1455 in
1016 1407 1144 1455 nostrum

149 1474 252 1531 fletum
268 1474 429 1552 irrumpesl
458 1486 487 1533 et
504 1495 566 1547 nos,
577 1476 711 1553 jacentes
732 1476 769 1533 ad
787 1475 885 1551 pedes,
899 1474 1060 1553 supplicum
1073 1494 1144 1533 roce

148 1553 338 1630 prohibebisl
527 1544 536 1575 '
1163 1556 1196 1609 15

112 1634 122 1641 ”
194 1632 238 1703 Si,
253 1632 321 1689 cum
336 1634 391 1691 hoc
405 1632 482 1691 domi
498 1628 668 1706 fao‘eremus,
679 1632 755 1711 quod
768 1643 797 1690 et
812 1631 942 1705 fecimus,
954 1641 993 1704 et,
1007 1642 1039 1691 ut
1052 1652 1143 1710 spero,

149 1731 210 1769 non
244 1710 348 1769 frustra
377 1713 508 1786 fecimus,
529 1722 559 1770 tu
591 1710 745 1789 derepentd
775 1712 933 1789 irrupisses,
960 1722 990 1770 et
1017 1713 1143 1771 clamare

152 1790 299 1865 coepisses,
321 1790 384 1849 “C.
404 1790 513 1863 Caesar,
533 1810 603 1849 cave
623 1791 772 1869 ignoscas3
794 1810 874 1863 cave,
894 1802 923 1849 te
945 1790 1072 1863 fratrum,
1092 1811 1144 1868 pro

153 1868 249 1925 fratris
269 1869 360 1927 salute
380 1870 602 1941 obsecrantium,
624 1870 827 1941 misereatur;”
850 1890 945 1929 nonne
962 1890 1079 1929 omnem
1092 1871 1143 1927 hu-

154 1948 322 2005 manitatem
349 1950 499 2007 exuissest
533 1949 654 2010 Quanto
681 1948 736 2007 hoc
756 1950 866 2020 durius,
888 1950 963 2023 quod
987 1968 1039 2007 nos
1065 1949 1196 2007 domiso

152 2027 286 2102 petimus,
302 2028 331 2084 id
347 2038 405 2085 ate
420 2028 449 2085 in
464 2026 524 2085 foro
544 2028 718 2105 oppugnari!
750 2038 789 2099 et,
804 2029 834 2085 in
848 2028 898 2084 tali
912 2027 1029 2085 miserit
1043 2028 1143 2084 multo·

152 2124 227 2175 rum,
242 2106 404 2183 perfugium
419 2107 621 2164 misericordiae
635 2107 750 2163 tollere!

194 2184 299 2243 Dicam
320 2184 416 2264 plane,
431 2184 486 2244 Cai
507 2186 615 2257 Caesar,
637 2185 713 2260 quod
732 2184 833 2242 sentio.
875 2184 918 2255 Si,
937 2183 967 2242 in
988 2184 1043 2241 bac
1063 2182 1144 2241 tanta

153 2263 203 2321 tusi
226 2265 347 2336 fortuna,
362 2265 465 2322 lenitas
484 2275 564 2322 tanta
584 2284 641 2323 non
663 2274 748 2334 esset,
770 2271 908 2338 quantam
927 2273 958 2320 tu
976 2283 1027 2340 per
1040 2272 1079 2333 te,
1093 2283 1144 2344 per

153 2353 192 2413 te,
209 2343 335 2418 inquam,
349 2345 471 2414 obtineS,
487 2343 640 2420 (intelligo,
652 2343 744 2418 quidl
783 2343 849 2420 uar)
866 2342 1051 2400 acerbissimo
1064 2343 1143 2399 luctu
1159 2342 1196 2396 25

153 2422 330 2479 redundaret
351 2423 405 2480 ista
426 2423 552 2480 victoria.
594 2421 694 2484 Quam
710 2421 768 2478 mul
782 2421 791 2478 i
805 2422 883 2479 enim
897 2431 993 2479 essent
1006 2421 1042 2479 de
1056 2422 1144 2479 victo·

154 2501 243 2571 ribus,
265 2501 313 2576 qui
340 2511 368 2558 te
392 2502 538 2559 crudelem
563 2521 625 2558 esse
653 2500 767 2572 vellent,
789 2499 857 2558 oum
884 2503 972 2559 etiam
995 2501 1032 2559 de
1059 2501 1143 2559 victis

153 2581 351 2655 reperianturl
374 2577 459 2655 qudm
474 2579 566 2650 multi,
581 2580 640 2654 qui,
656 2578 724 2636 oiim
745 2599 763 2637 a
782 2590 810 2637 te
831 2581 940 2638 nemini
961 2581 1070 2658 ignosci
1086 2581 1143 2638 vel-

153 2659 223 2728 lent,
253 2659 422 2734 impedirent
446 2659 628 2716 olementiam
655 2669 745 2730 tuam,
773 2659 841 2717 crim
867 2661 955 2717 etiarn
982 2659 1013 2731 ii,
1037 2659 1143 2735 quibus

154 2738 215 2814 ipse
231 2737 373 2831 ignovisti,
389 2738 479 2795 nolint
493 2746 521 2794 te
537 2737 566 2795 in
582 2737 650 2795 alios
664 2758 727 2796 esse
742 2739 974 2796 misericordem!
1159 2741 1196 2794 30

193 2816 285 2877 Quod
313 2817 337 2873 si
363 2817 482 2892 probare
510 2815 618 2874 Caesari
641 2837 797 2893 possemus,
819 2818 849 2874 in
870 2815 973 2874 Africis
993 2815 1143 2892 Ligarium

152 2895 272 2953 omnino
292 2915 348 2952 nou
364 2895 467 2965 fuisse3
489 2895 512 2952 si
527 2895 645 2953 honesto
658 2905 687 2952 et
701 2895 879 2952 misericordi
893 2893 1045 2951 mendacio
1058 2893 1143 2950 saluti

153 2974 226 3032 civis
256 2973 415 3031 calamitosi
444 2974 606 3031 consultum
633 2993 697 3030 esse
717 2973 872 3039 vellemus;
903 2980 1000 3026 tamen
1020 2970 1144 3027 hominis

153 3073 212 3112 non
234 3062 319 3123 esset,
334 3053 364 3109 in
384 3062 464 3110 tanto
483 3053 651 3110 discrimine
671 3061 701 3107 et
720 3049 849 3125 periculo
869 3047 950 3117 civis,
965 3047 1095 3104 refellere
1115 3059 1145 3104 et

153 3151 312 3207 coarguere
340 3142 468 3201 nostrum
495 3131 697 3188 mendacium:
726 3138 765 3198 et,
785 3127 810 3184 si
831 3135 906 3184 esset
930 3125 1061 3200 alicujus,
1082 3125 1145 3200 ejus
1161 3133 1197 3185 35

153 3209 236 3268 certe
251 3231 308 3268 non
323 3220 407 3281 esset,
423 3211 471 3286 qui
493 3210 522 3267 in
543 3210 646 3266 eddem
661 3207 749 3265 causti
764 3217 793 3264 et
807 3205 920 3264 fortunis
934 3205 1042 3262 fuisset.
1085 3204 1144 3261 Sed

152 3301 252 3347 tamen
274 3289 351 3347 aliud
372 3299 415 3346 est
435 3308 531 3346 errare
552 3289 698 3345 Caesarem
718 3287 803 3356 nolle,
819 3285 896 3342 aliud
916 3285 992 3342 nolle
1006 3283 1143 3340 misereri.

153 3367 235 3426 Tum
250 3369 371 3439 diceres,
386 3375 404 3402 “
415 3368 504 3440 Cave,
520 3367 628 3436 cesar,
644 3367 764 3423 credas:
786 3365 839 3423 fuit
860 3364 890 3421 in
911 3363 1014 3421 Africa
1033 3361 1145 3438 Ligari·

153 3467 205 3504 us:
227 3447 291 3504 tulit
308 3467 387 3504 arma
401 3457 501 3505 contra
514 3447 571 3503 te.”
614 3445 704 3502 Nunc
717 3445 786 3519 quid
800 3445 894 3502 dicisl
928 3448 947 3475 “
959 3441 1039 3498 Cave
1053 3441 1146 3517 ignos-

153 3527 234 3584 cas.''
277 3525 351 3583 Haec
375 3546 431 3584 nec
458 3524 591 3595 hominis,
613 3543 668 3581 nco
690 3524 726 3580 ad
748 3523 902 3592 hominem,
924 3540 976 3578 vox
996 3530 1057 3577 est:
1088 3520 1145 3593 quai
1162 3526 1198 3580 40

152 3606 203 3681 qui
219 3605 293 3681 apud
307 3615 346 3675 te,
361 3604 417 3662 cai
431 3605 540 3674 Cesar,
555 3613 660 3675 utetur,
675 3621 758 3659 suam
778 3599 865 3658 citius
886 3599 1003 3676 abjiciat
1016 3598 1146 3656 humani·

153 3695 254 3753 tatem,
269 3683 356 3758 quam
370 3683 550 3758 extorquebit
563 3693 651 3738 tuam.

195 3762 247 3820 VI.
284 3763 330 3819 Ac
358 3763 468 3838 prirnus
495 3763 589 3819 aditus
610 3771 638 3817 et
658 3758 810 3835 postulatio
836 3756 1001 3815 Tuberonis
1021 3757 1093 3828 haec,
1114 3768 1146 3816 ut

152 3842 263 3920 opinor,
279 3841 351 3914 fuit3
374 3841 445 3899 velle
460 3841 541 3899 sede
560 3840 601 3902 Q.
617 3837 728 3916 Ligarii
742 3827 851 3895 melbre
865 3837 972 3894 dicere.
1013 3834 1081 3894 Non
1095 3837 1146 3894 du·
