2775 4425
381 360 519 411 culmo
541 360 576 411 11.
601 360 639 411 ru
663 360 693 411 c.
716 361 933 413 crrrnrrruu.
1164 364 1203 423 ιο

166 504 256 565 Nunc
269 502 339 563 verb
353 502 440 581 quim
463 503 570 577 subilli,
584 524 642 565 non
664 503 757 565 solim
778 526 815 565 ex
836 504 926 578 Urbe,
940 502 1040 564 verbm
1063 506 1152 565 etiarn

159 591 203 643 'ex
212 585 300 662 agris,
312 584 460 661 ingentem
469 604 621 643 numerum
631 586 806 661 perditorum
817 586 966 644 homiuum
976 585 1051 644 colle
1070 587 1150 645 erctl

167 664 272 735 Nemo,
287 682 344 721 nou
359 662 445 721 modo
460 664 573 729 Rome,
588 665 638 722 sed
653 684 709 722 nec
723 664 782 723 ullo
791 664 821 723 in
832 665 1033 741 cugulototius
1047 604 1151 737 italie,

167 762 317 819 oppressus
331 761 388 801 rere
403 742 498 802 alieno
512 743 575 815 fuit,
590 762 676 819 quern
694 763 752 801 non
767 744 804 801 cd
827 744 883 802 boc
905 743 1076 803 incredibile
1089 762 1152 803 sce·

169 822 236 879 leris
250 821 343 879 foedus
359 821 520 879 adsciverit
1164 826 1183 879 5

209 901 244 958 V.
267 900 374 975 Atque,
390 912 421 957 ut
435 902 497 977 ejus
511 900 625 959 diversa
638 900 735 959 studia
748 901 778 960 in
801 900 934 960 dissimili
958 901 1069 960 ratione
1088 921 1151 979 per·

168 980 279 1056 spicere
292 978 421 1056 possitis;
443 998 529 1038 nemo
542 989 586 1038 est
599 980 628 1039 in
640 980 709 1039 ludo
715 980 886 1057 gladiatorio
894 978 981 1057 paulo
992 981 1028 1039 ad
1037 980 1152 1039 facinus

170 1058 316 1129 audacior,
330 1058 379 1133 qui
394 1078 426 1117 se
439 1078 496 1117 non
512 1059 645 1117 intimum
666 1059 801 1118 Catilinae
815 1079 879 1118 esse
903 1060 1043 1130 fateatur3
1065 1078 1152 1119 nemo

169 1138 199 1194 in
214 1136 302 1195 sceui
316 1136 404 1195 levior
418 1147 447 1195 et
461 1138 590 1215 nequior,
603 1138 652 1214 qui
667 1158 699 1197 se
713 1158 770 1198 non
783 1138 914 1215 ejusdem
924 1136 1011 1216 propri
1021 1138 1149 1197 sodalem

170 1216 257 1290 fuisse
272 1226 484 1275 commemoret.
527 1217 623 1293 Atque
637 1217 715 1275 idern
733 1228 841 1289 maren,
855 1228 1017 1294 stuprorum
1039 1227 1070 1275 et
1089 1236 1151 1275 sce·
1165 1224 1201 1278 10

169 1294 260 1351 lerum
275 1294 481 1365 exercitatione
498 1296 687 1367 assuefactus,
702 1296 817 1373 frigore,
831 1307 861 1355 et
881 1296 967 1367 fame,
981 1306 1012 1354 et
1034 1296 1093 1366 siti,
1114 1315 1150 1355 ac

170 1372 275 1449 vigiliis
283 1372 469 1449 perferendis,
481 1374 561 1433 fortis
572 1376 608 1432 ab
619 1374 681 1432 istis
690 1375 911 1451 predicabatur,
922 1373 990 1433 cium
1002 1374 1150 1433 industrie

169 1452 308 1523 subsidia,
323 1462 408 1527 atque
422 1453 614 1511 instrumente
635 1454 758 1525 virtutis,
772 1454 803 1513 in
825 1453 947 1511 libidine
969 1453 1151 1529 audaciique

170 1541 416 1589 consumerentur.

210 1608 299 1667 Hunc
313 1607 380 1666 verb
395 1610 419 1668 si
434 1610 478 1671 sui
494 1610 600 1669 fuerint
614 1610 735 1671 comites
747 1611 857 1681 secuti;
878 1610 904 1669 si
926 1630 963 1669 ex
975 1608 1056 1668 Urbe
1075 1608 1152 1666 exie·
1167 1615 1200 1671 1⁵

169 1688 227 1747 rint
241 1690 454 1764 desperatorum
469 1690 617 1749 homiuum
631 1690 765 1767 flagitiosi
779 1710 901 1769 greges;
921 1711 941 1749 o
960 1708 1013 1749 nos
1030 1688 1148 1746 beatos!

168 1787 187 1825 o
199 1767 408 1843 rempublicam
423 1768 611 1828 fortunatum!
626 1770 825 1847 oprreclaram
848 1769 965 1829 laudern
983 1768 1150 1827 consulatus

169 1846 243 1903 mei!
265 1846 333 1904 Non
348 1848 426 1905 euim
437 1847 496 1923 jam
511 1855 578 1907 sunt
592 1850 753 1909 mediocres
768 1850 917 1909 bominum
930 1848 1076 1919 libidines,
1090 1866 1149 1905 uon

170 1926 303 1983 humanm
319 1943 354 1984 ac
368 1926 523 1985 tolerandae
546 1930 692 1987 audaciae·
714 1930 786 1988 nihil
810 1928 948 2007 cogitant,
962 1928 1019 1987 nisi
1042 1927 1148 1997 caedes,

169 2004 226 2062 nisi
253 2004 400 2077 incendia,
427 2006 483 2064 ursi
511 2008 633 2084 rapinas.
675 2009 853 2067 Patrimonia
871 2026 926 2065 sna
943 2007 1147 2083 profuderunt:
1162 2009 1200 2063 20

170 2083 299 2142 fortunas
308 2102 375 2141 suas
385 2085 607 2163 abligurrierunt
618 2107 623 2144 :
639 2106 685 2145 res
695 2106 745 2145 eos
750 2087 931 2165 jampridem,
942 2086 1014 2143 fides
1023 2084 1150 2142 delicere

170 2182 261 2241 nuper
276 2164 379 2240 coepit:
401 2166 503 2224 eedem
517 2175 614 2224 tamen
628 2166 688 2236 ille,
699 2186 763 2242 quae
773 2176 836 2224 erat
846 2166 876 2224 in
888 2164 1075 2234 abundantii,
1086 2162 1151 2219 libi-

170 2244 207 2300 do
220 2255 376 2320 permanet.
416 2243 509 2307 Quod
523 2245 548 2304 si
562 2246 592 2304 in
607 2247 674 2304 vino
696 2257 726 2302 et
749 2245 814 2303 alei
827 2243 1044 2303 comissationes
1057 2239 1150 2298 solrim

171 2332 200 2380 et
214 2333 309 2381 scorta
321 2329 498 2399 quaererent3
519 2335 617 2382 essent
637 2324 679 2382 illi
699 2324 815 2400 quidem
829 2322 1017 2400 desperandi;
1039 2320 1090 2378 scd
1109 2330 1152 2376 ta·

170 2420 238 2459 men
265 2413 360 2460 essent
387 2403 506 2462 ferendi.
549 2404 615 2464 Hoc
643 2401 710 2462 verb
736 2404 802 2480 qnia
826 2403 900 2462 ferre
925 2400 1022 2479 possit,
1044 2400 1200 2458 inertes25

171 2481 301 2540 homines
315 2481 476 2540 fortissimis
489 2483 557 2542 viris
568 2483 709 2555 insidiari,
715 2479 1150 2558 stultissimosprudentissimis,

171 2560 296 2618 ebriosos
306 2562 418 2634 sobriis,
433 2563 607 2621 dormientes
618 2561 823 2640 vigilantibusl
842 2561 903 2638 qni,
912 2559 994 2632 mihi,
1005 2559 1151 2618 accuben-

170 2648 215 2696 tes
229 2639 257 2697 in
273 2641 421 2712 conviviis,
435 2643 574 2718 complexi
590 2643 725 2700 mulieres
739 2641 910 2718 impudicas,
924 2641 991 2698 rino
1008 2638 1150 2716 languidi,

171 2718 296 2777 confecti
311 2719 386 2791 cibe,
400 2720 484 2778 se'rtis
498 2721 633 2792 redimiti,
648 2722 804 2799 unguentis
823 2721 915 2792 obliti,
930 2719 1072 2778 debilitati
1093 2728 1152 2774 stu·

170 2797 238 2886 pris,
253 2809 386 2933 {ructant
399 2801 578 2858 sermonibus
591 2801 651 2858 suis
665 2802 775 2859 caedem
795 2800 944 2870 bonomm,
959 2809 1045 2874 atque
1065 2795 1152 2855 Urbis
1163 2793 1200 2848 30

173 2895 259 2934 moen
281 2897 317 2934 ra

210 2954 329 3016 Quibus
342 2975 397 3033 ego
410 2958 524 3016 confido
538 2958 704 3034 impendere
718 2958 809 3014 fatum
833 2955 966 3030 aliquod;
988 2962 1018 3010 et
1038 2970 1150 3028 poenas,

179 3034 290 3109 jamdiu
306 3035 489 3111 improbitati,
504 3037 650 3112 nequitiae,
665 3035 779 3104 sceleri,
789 3033 903 3092 libidini
914 3032 1035 3101 debitas,
1048 3041 1097 3087 ant
1111 3030 1154 3087 in·
1241 3059 1246 3070 ·

172 3123 248 3170 stare
259 3113 318 3188 jam
333 3115 428 3190 plane,
445 3126 494 3173 aut
508 3113 587 3172 certe
599 3114 659 3189 jam
674 3113 908 3190 appropinquare.
940 3109 1025 3170 Quos
1035 3109 1060 3165 si
1071 3127 1153 3164 meus

172 3192 346 3264 consulatus,
361 3195 496 3270 quoniam
511 3212 614 3252 seuere
627 3212 685 3251 non
698 3202 800 3268 potest,
811 3189 973 3260 sustulerit3
995 3207 1052 3246 non
1067 3185 1202 3244 brevest

172 3271 271 3328 nescio
284 3273 358 3347 quod
369 3284 492 3349 tempus,
503 3273 553 3331 sed
568 3274 659 3330 multa
672 3271 789 3343 saecula,
799 3269 963 3348 propagtlrit
977 3266 1151 3344 reipublicae.

173 3348 264 3407 Nulla
278 3362 320 3409 est
334 3353 412 3409 enirn
427 3353 515 3424 natio,
529 3371 614 3428 quarn
636 3353 891 3429 pertimescamus:
912 3349 1008 3407 nullus
1030 3365 1090 3416 rex,
1103 3345 1153 3420 qui

174 3428 280 3486 bellurn
295 3431 398 3507 populo
412 3431 546 3490 Romano
562 3431 658 3490 secere
679 3431 775 3508 possit.
816 3429 926 3488 Omnia
947 3437 1014 3486 sunt
1035 3435 1154 3484 externa

172 3507 259 3566 unius
268 3509 371 3567 virtute
380 3510 456 3568 terri
466 3511 594 3586 marique
602 3507 1032 3587 pacatazdomesticumbellum
1041 3513 1153 3560 manet:

173 3587 250 3645 intus
259 3588 370 3646 insidiae
380 3600 463 3647 sunt:
474 3591 551 3648 intus
561 3587 703 3648 inclusum
712 3590 873 3667 pericnlum
882 3599 942 3644 est:
954 3585 1031 3643 intus
1039 3593 1082 3640 est
1091 3583 1155 3639 hos·
1166 3579 1203 3634 40

172 3667 217 3725 tis.
246 3667 444 3726 Cumluxurii
454 3670 546 3741 nobis,
555 3689 622 3728 cum
633 3670 769 3739 ementiri,
778 3686 845 3725 cum
855 3666 975 3734 scelere,
984 3662 1154 3720 certandum

172 3757 224 3804 est.
267 3746 348 3805 Huic
362 3767 417 3825 ego
430 3767 476 3806 me
491 3749 574 3820 bello,
585 3748 729 3818 Quirites,
740 3746 871 3823 profiteor
886 3744 1008 3812 ducem3
1029 3742 1156 3819 suscipio

173 3826 340 3884 inimicitias
351 3827 499 3885 hominum
509 3829 691 3904 perditorum.
732 3826 810 3888 Quae
824 3823 919 3882 sanari
933 3833 1077 3900 poterunt,
1087 3822 1157 3896 qui·

173 3924 290 3981 cunque
305 3906 415 3965 ratione
430 3909 556 3966 sanabo:
578 3927 641 3984 quae
656 3905 816 3965 resecanda
828 3913 923 3976 erunt,
934 3922 992 3962 non
1009 3902 1102 3979 patiar
1119 3899 1156 3957 ad
