2775 4425
217 372 274 430 llo
465 368 602 417 ORATIO
624 368 694 417 PRO
717 368 749 417 Τ.
772 368 887 418 ANNIO
909 367 1060 417 MILONE.

264 531 352 571 causa
379 514 457 589 justa
483 512 652 570 restituendi
674 512 742 584 mei,
763 511 819 570 nisi
840 511 941 569 fuisset
967 510 1073 587 injusta
1099 511 1253 589 ejiciendit

263 592 349 650 Diem
381 592 452 649 mihi
478 593 593 670 (credo)
619 592 748 649 dixerat:
779 593 899 649 multam
924 590 1082 667 irrogtirat:
1114 592 1253 650 actionem

263 671 467 748 perduellionis
477 671 659 729 intenderat:
680 682 710 728 et
724 670 795 728 mihi
809 669 953 740 videlicet,
969 670 998 727 in
1012 670 1103 728 causti
1118 681 1167 728 aut
1179 672 1253 728 mali

265 761 314 808 aut
327 752 403 821 med,
418 771 475 809 non
490 761 519 808 et
531 749 752 826 praeclarissima
765 759 795 807 et
814 750 918 820 vestra,
930 748 1072 825 judicium
1096 749 1254 808 timendum

231 830 326 888 5suit.
368 831 522 888 Servorum
536 840 566 887 et
579 829 728 906 egentium
748 828 855 886 civium
878 838 908 885 et
931 827 1156 886 facinorosorum
1170 829 1255 886 armis
1311 855 1324 866 ·

264 928 343 968 meos
357 908 445 980 cives,
460 908 532 966 meis
546 907 674 966 consiliis
686 907 881 984 periculisque
894 917 1030 979 servatos,
1043 926 1096 983 pro
1109 927 1156 966 me
1168 909 1255 985 objici

265 989 352 1046 nolui.
954 1013 957 1016 ⁴

304 1066 372 1125 vidi
396 1067 484 1137 enim,
508 1065 576 1136 vidi,
601 1066 680 1124 huno
705 1065 799 1142 ipsum
824 1064 865 1127 Q.
889 1065 1088 1137 Hortensium,
1109 1065 1207 1124 lumen
1227 1076 1255 1124 et

264 1157 465 1204 ornamentum
479 1146 656 1220 reipublicae,
676 1142 753 1221 pene
768 1144 891 1202 interfici
915 1164 1059 1202 servorum
1074 1164 1172 1216 manu,
1188 1143 1255 1203 cirm

217 1228 250 1282 10
265 1225 336 1282 mihi
358 1225 487 1284 adesset:
509 1225 566 1300 qut
590 1224 619 1282 in
643 1224 730 1282 turbt
743 1224 778 1281 C.
794 1223 947 1294 Vibienus,
971 1233 1095 1294 senator,
1118 1224 1161 1282 vir
1185 1224 1256 1301 opti-

265 1323 339 1376 mus,
367 1323 434 1362 cum
462 1303 517 1361 hoc
544 1301 612 1362 ciam
636 1313 712 1361 esset
734 1304 803 1373 una,
818 1303 860 1360 ita
881 1313 926 1360 est
949 1303 1096 1369 multatus,
1117 1313 1149 1360 ut
1169 1303 1256 1361 vitam

266 1384 401 1440 amiserit.
457 1382 569 1457 Itaque,
594 1383 711 1457 quando
737 1381 814 1439 illius
840 1393 939 1458 postea
969 1381 1031 1439 sica
1052 1382 1110 1452 illa,
1132 1401 1257 1457 quama

265 1463 394 1521 Catilina
416 1472 578 1538 acceperat,
599 1461 785 1536 conquievitl
826 1461 907 1519 Haec.
922 1461 1064 1518 intentata
1090 1461 1173 1518 nobis
1195 1474 1255 1519 est:

267 1542 334 1600 huic
355 1562 409 1618 ego
422 1561 471 1600 vos
497 1540 583 1617 objici
603 1560 655 1617 pro
675 1559 722 1598 me
742 1560 800 1598 non
820 1559 883 1610 sum
904 1559 1024 1617 passus:
1045 1541 1108 1596 lraec
1122 1539 1258 1598 insidiata

216 1619 250 1672 15
265 1620 402 1696 Pompeio
415 1631 477 1679 est:
499 1621 561 1678 haec
575 1619 659 1677 istam
674 1619 810 1695 Appiam,
825 1629 1043 1678 monumentum
1062 1619 1107 1675 sui
1122 1621 1257 1691 nominis,

265 1720 338 1758 nece
353 1699 461 1774 Papirii
475 1698 654 1756 cruentavit:
676 1699 750 1769 haec,
775 1699 838 1756 haec
861 1699 974 1769 eadem,
988 1698 1073 1775 longo
1097 1698 1256 1770 intervallo,

265 1797 404 1835 conversa
427 1797 525 1836 rursus
548 1786 591 1834 est
615 1777 644 1835 in
668 1796 734 1834 me:
755 1797 847 1853 nuper
860 1777 987 1853 quidem,
1002 1788 1034 1834 ut
1053 1777 1143 1849 scitis,
1158 1797 1208 1836 me
1223 1780 1258 1836 ad

265 1856 375 1932 regiam
388 1854 463 1931 pene
479 1857 612 1913 confecit.

303 1934 387 1997 Quid
401 1934 495 1993 simile
519 1934 660 1993 Milonisl
691 1934 775 2011 cujus
798 1935 841 1993 vis
862 1935 957 1994 omnis
981 1935 1044 1993 haec
1057 1955 1170 2010 semper
1195 1937 1257 2008 fuit,

214 2019 250 2072 20
264 2033 302 2071 ne
316 2014 348 2072 P.
364 2013 493 2085 Clodius,
518 2011 585 2071 oiim
610 2014 640 2072 in
661 2014 804 2091 judicium
828 2015 940 2073 detrahi
963 2035 1020 2073 non
1040 2008 1145 2091 posset,
1160 2016 1190 2072 vi
1210 2036 1259 2092 op-

263 2111 392 2169 pressam
416 2093 562 2151 civitatem
589 2103 709 2152 teneret.
759 2094 860 2155 Quem
879 2094 904 2151 si
925 2094 1087 2152 interficere
1111 2095 1257 2166 voluisset,

264 2183 389 2249 quantae,
413 2173 524 2248 quoties
547 2173 725 2246 occasiones,
739 2171 827 2249 quim
850 2175 1005 2250 praeolarae,
1021 2174 1154 2232 fuerunt!
1204 2176 1259 2234 Po·

266 2251 582 2324 tuitue,ci1mdomum
606 2273 642 2311 ae
655 2254 734 2311 Deos
756 2265 876 2329 penates
899 2274 975 2325 suos,
990 2254 1039 2311 illo
1060 2266 1257 2331 oppugnante,

266 2333 444 2404 defenderet,
455 2333 520 2408 jure
542 2352 573 2391 se
594 2333 720 2393 ulciscil
749 2332 889 2408 potuitne,
913 2333 977 2390 cive
1000 2333 1126 2409 egregio,
1147 2344 1176 2391 et
1199 2335 1259 2392 viro

214 2414 250 2467 25
266 2411 429 2483 fortissimo,
453 2413 485 2469 P.
511 2412 619 2482 Sextio,
645 2411 756 2488 collega
778 2431 839 2482 suo,
863 2412 1033 2471 vulneratol
1053 2413 1195 2487 potuitne,
1216 2414 1256 2475 Q.

266 2488 411 2560 Fabricio,
439 2490 499 2548 viro
524 2490 640 2565 optimo,
663 2488 731 2548 cirm
752 2491 788 2548 de
808 2491 922 2549 redditu
942 2510 1014 2550 meo
1039 2491 1134 2567 legem
1156 2491 1256 2563 ferret,

265 2568 356 2643 pulso,
372 2568 571 2625 crudelissima
585 2568 615 2626 in
630 2570 690 2628 foro
704 2570 784 2628 caede
808 2570 907 2628 factal
928 2570 1068 2645 potuitne,
1083 2570 1115 2627 L.
1131 2570 1257 2642 Caecilii,

272 2644 422 2720 justissimi
437 2646 639 2721 fortissimique
658 2648 798 2723 praetoris,
812 2650 977 2726 oppugnati
1000 2650 1106 2707 domol
1126 2650 1257 2724 potuitne

266 2723 314 2781 illo
340 2723 397 2795 die,
420 2723 487 2783 ciam
511 2736 554 2783 est
575 2726 633 2784 lata
653 2728 700 2785 lex
720 2727 756 2785 de
780 2729 849 2785 mel
870 2726 939 2785 crim
962 2727 1048 2786 totius
1075 2727 1168 2785 Italiae
1189 2750 1258 2787 con·

214 2807 249 2862 ³0
266 2822 376 2874 cursus,
391 2823 477 2879 quem
491 2823 556 2863 mea
570 2806 646 2864 salus
661 2806 830 2877 concitarat,
845 2807 914 2864 facti
929 2806 1006 2864 illius
1019 2806 1139 2883 gloriam
1163 2808 1258 2866 libens

266 2882 445 2959 agnovisset:
467 2894 508 2955 ut,
523 2884 609 2942 etiam
624 2886 648 2943 si
663 2886 692 2942 id
707 2884 780 2942 Milo
800 2884 924 2957 fecisset,
940 2896 1046 2943 cuncta
1069 2885 1171 2945 civitas
1191 2906 1256 2945 eam

264 2962 380 3019 laudem
393 2983 444 3039 pro
458 2965 510 3022 suri
523 2962 690 3022 vindicaret.

304 3040 372 3099 XV.
417 3042 508 3117 Atqui
532 3053 594 3100 erat
617 3043 647 3100 id
670 3042 805 3118 temporis
832 3042 1008 3101 clarissimus
1031 3053 1062 3101 et
1084 3044 1257 3103 fortissimus

265 3120 375 3191 consul,
390 3120 525 3179 inimicus
538 3121 650 3193 Clodio,
665 3121 697 3179 P.
712 3122 863 3192 Lentulus,
878 3122 951 3180 ultor
961 3123 1079 3180 sceleris
1092 3122 1178 3195 illius,
1192 3143 1256 3198 pro·

213 3202 248 3255 ³5
264 3210 405 3275 pugnator
426 3200 553 3271 sertatim,
568 3201 701 3258 defensor
724 3210 825 3258 vestrae
848 3201 1012 3272 voluntatis,
1026 3211 1165 3277 patronus
1179 3202 1256 3259 illius

263 3277 372 3353 publici
393 3279 559 3349 consessas,
573 3278 719 3337 restitutor
742 3279 843 3336 salutis
866 3299 955 3349 meae3
977 3290 1086 3355 septem
1109 3292 1255 3356 praetores,

263 3367 329 3414 octo
356 3356 463 3413 tribuni
487 3356 589 3431 plebis,
614 3358 690 3415 illius
715 3358 881 3428 adversarii,
905 3359 1070 3416 defensores
1090 3359 1166 3429 mei;
1197 3358 1253 3416 Cu.

264 3433 418 3510 Pompeius
432 3445 531 3492 auctor
544 3446 574 3492 et
587 3436 645 3493 dux
659 3435 717 3493 mei
738 3436 856 3509 reditirs,
871 3437 948 3494 illius
961 3438 1067 3509 hostis;
1089 3437 1172 3514 cujus
1191 3457 1256 3495 sen-

264 3514 384 3570 tentiam
408 3524 525 3571 senatus
547 3514 641 3572 omnis
664 3515 700 3572 de
721 3516 813 3574 salute
833 3516 899 3573 meti
919 3516 1117 3592 gravissimam
1131 3528 1160 3575 et
1172 3535 1256 3574 orna·

213 3592 248 3644 40
266 3590 403 3649 tissimam
425 3602 542 3650 secutus
562 3603 624 3651 est:
655 3592 705 3667 qui
731 3594 869 3669 populum
896 3594 1063 3653 Romanum
1091 3597 1255 3653 cohortatus

264 3679 317 3740 est,
338 3670 397 3745 qui,
420 3669 487 3729 citm
518 3673 554 3729 de
584 3690 631 3730 me
658 3671 807 3729 decretum
828 3673 938 3747 Capuae
959 3674 1037 3745 fecit,
1060 3674 1121 3749 ipse
1141 3686 1255 3732 cuncta

265 3746 355 3804 Italiae
386 3749 525 3824 cupienti,
553 3760 582 3807 et
612 3750 674 3827 ejus
704 3750 791 3807 fidem
821 3751 995 3828 imploranti,
1026 3753 1141 3829 signum
1165 3753 1254 3822 dedit,

265 3835 305 3893 ut,
333 3827 369 3882 ad
404 3847 449 3884 me
483 3828 702 3899 restituendum,
737 3830 862 3887 Romam
890 3843 1104 3889 concurrerent.
1146 3830 1254 3888 Omnia

264 3910 324 3955 turn
340 3903 464 3976 denique
479 3906 508 3961 in
530 3906 609 3963 illum
633 3908 700 3965 odia
724 3908 830 3965 civium
854 3909 994 3967 ardebant
1014 3909 1159 3968 desiderio
1177 3908 1236 3967 mei
