2775 4425
188 389 228 451 92
461 388 599 438 ORATIO
621 388 691 439 atto
712 387 854 437 ARCHIA
875 386 1002 437 Poma.

235 530 360 606 premiis
381 530 542 588 donarunt:
566 541 596 588 et
615 550 726 602 omnes,
743 531 794 606 qui
815 531 922 606 aliquid
943 531 981 587 de
1003 528 1129 606 ingeniis
1148 539 1226 605 pote·

237 619 302 665 rant
312 608 454 683 judicare,
469 610 634 685 cognitione
648 621 734 685 atque
747 610 869 685 bospitio
882 609 1002 685 dignum
1015 609 1223 665 existimarunt

276 687 344 744 Hac
366 688 446 743 tantft
466 688 633 745 celebritate
647 688 731 745 lamas
744 687 813 745 cbm
827 699 902 745 ssoet
917 687 979 763 jam
996 687 1164 743 absentibus
1176 706 1224 743 no·

236 774 292 835 tus,
316 765 441 823 Romam
464 766 552 837 venit,
576 766 672 824 Mario
694 766 813 823 consule
835 776 866 823 et
887 766 1001 823 Catulo.
1041 764 1157 821 Nactus
1181 774 1225 821 est

202 858 220 911 5
236 842 361 919 primirm
375 845 509 901 consules
526 866 585 916 eos,
599 864 720 920 quorum
737 845 808 901 alter
825 863 872 902 res
888 846 925 901 ad
938 843 1124 901 scribendum
1137 844 1225 901 maxi·

237 939 309 992 mas,
330 923 402 980 alter
418 920 485 980 clun
502 943 548 981 res
565 934 671 1000 gestas,
689 933 751 979 turn
770 923 859 979 etiam
878 922 1005 979 studium
1026 932 1111 996 atque
1131 940 1224 993 aures,

178 1059 181 1065 ,
238 1001 375 1059 adbibere
400 1012 502 1077 posset
544 1002 650 1059 Statim
679 1001 806 1072 Luculli,
834 1000 903 1057 cirrn
927 1011 1111 1077 pretextatus
1136 1000 1224 1057 etiam

237 1089 299 1136 tum
326 1079 452 1136 Archias
477 1090 562 1150 esset,
590 1099 657 1137 eum
683 1080 801 1137 domum
833 1098 916 1136 suam
944 1088 1123 1155 receperunt
1165 1079 1224 1135 Sed

237 1158 325 1214 etiam
352 1158 407 1215 hoc
433 1178 491 1215 non
514 1157 607 1216 solbm
634 1158 745 1235 ingenii
771 1176 808 1215 ac
832 1156 991 1228 literarum,
1013 1157 1115 1214 verbm
1136 1157 1223 1213 etiam

187 1246 221 1299 10
237 1246 346 1292 naturae
368 1245 453 1310 atque
474 1238 595 1308 virtutis,
618 1236 710 1316 [fuit,]
736 1246 769 1293 ut
790 1237 902 1307 domus,
922 1255 986 1310 qnae
1009 1235 1094 1312 bujus
1117 1236 1225 1292 adoles·

238 1315 341 1371 centias
365 1316 457 1391 prima
483 1316 579 1386 fuerit,
602 1316 706 1373 eadem
726 1325 803 1372 met
823 1314 1047 1372 familiarissima
1072 1314 1214 1371 senectuti

237 1392 309 1449 Erat
328 1394 503 1469 temporibus
523 1394 580 1451 illis
596 1394 743 1469 jucundus
762 1393 803 1455 Q.
819 1392 938 1451 Metello
951 1393 993 1450 illi
1013 1392 1181 1462 Numidico,
1194 1402 1224 1449 et

237 1471 300 1546 ejus
322 1472 375 1529 Pio
395 1472 470 1529 filio:
493 1474 663 1531 audiebatur
687 1492 705 1529 a
726 1471 768 1529 Μ.
791 1472 930 1529 AEmilio:
958 1472 1072 1528 vivebat
1094 1489 1162 1527 cum
1181 1470 1223 1532 Q

237 1549 354 1621 Catulo,
368 1560 398 1607 et
418 1562 509 1626 patre,
529 1562 558 1609 et
578 1552 656 1609 filio:
678 1551 747 1608 aL.
766 1551 873 1608 Crasso
892 1549 1059 1607 colebatur:
1088 1549 1225 1606 Lucullos

188 1630 221 1684 15
238 1628 315 1700 verb,
330 1639 360 1687 et
377 1629 514 1700 Drusum,
529 1639 558 1687 et
574 1628 722 1699 Octavios,
736 1639 767 1686 et
786 1629 936 1700 Catonern,
949 1639 980 1687 et
998 1639 1088 1686 totam
1101 1627 1224 1685 Horten·

238 1709 344 1765 siorum
367 1709 483 1765 domum
511 1708 673 1765 devinctam
700 1708 909 1765 consuetudine
931 1704 1000 1765 curn
1020 1717 1141 1776 teneret,
1166 1706 1225 1762 affi-

238 1786 368 1842 ciebatur
381 1804 493 1843 summo
507 1787 630 1855 honore;
651 1785 729 1861 qubd
748 1805 816 1843 eum
836 1806 893 1843 uon
913 1784 1005 1842 solium
1019 1785 1162 1855 colebant,
1175 1785 1224 1860 qui

238 1864 346 1937 aliquid
369 1864 516 1939 percipere
541 1874 625 1938 atque
647 1864 748 1922 audire
771 1865 934 1934 studebant,
956 1862 1057 1921 verbm
1079 1864 1178 1935 etiam,
1199 1862 1224 1921 si

237 1940 285 2015 qui
301 1940 371 1999 sorte
386 1941 568 1999 simulabant

184 2028 220 2082 20
276 2019 330 2077 lv.
365 2019 495 2091 Interim,
518 2022 588 2078 satia
611 2021 697 2099 longo
720 2022 879 2092 intervallo,
901 2019 970 2079 crim
995 2031 1073 2079 esset
1097 2040 1165 2078 cum
1189 2022 1222 2079 L

238 2098 360 2156 Lucullo
381 2098 410 2155 in
432 2100 563 2157 Siciliam
581 2100 737 2177 profectus,
751 2110 780 2158 et
794 2099 862 2158 cbm
875 2120 912 2158 ex
932 2101 967 2158 ed
988 2100 1135 2177 provincii
1156 2120 1223 2157 cum

237 2178 338 2236 eodem
373 2177 497 2238 Lucullo
522 2180 686 2251 decederet,
714 2181 792 2238 venit
827 2179 1011 2238 Heracleam.
1050 2178 1129 2241 Quae
1155 2177 1224 2237 cirm

237 2268 313 2315 esset
336 2258 438 2316 civitas
461 2259 623 2336 equissimo
643 2259 708 2336 jure
730 2279 765 2316 ac
789 2259 905 2329 foedere,
920 2258 1046 2315 adscribi
1062 2277 1094 2315 se
1110 2258 1140 2315 in
1159 2277 1224 2315 eam

237 2337 383 2394 civitatem
398 2337 504 2396 voluit:
525 2337 621 2413 idque,
637 2335 706 2396 ciam
729 2339 790 2414 ipse
812 2357 863 2413 per
884 2357 915 2394 se
939 2338 1045 2414 dignus
1065 2347 1223 2413 putaretur,

183 2424 220 2476 25
237 2425 298 2472 tum
322 2417 491 2473 auctoritate
510 2412 538 2474 et
560 2417 654 2491 gratia
676 2415 802 2486 Luculli,
818 2416 854 2472 ab
872 2415 1117 2473 Heracleensibus
1137 2415 1225 2490 impe·

237 2493 329 2550 travit.
371 2493 449 2551 Data
468 2503 512 2551 est
529 2494 631 2552 civitas
654 2495 766 2552 Silvani
786 2494 850 2571 lege
872 2504 901 2551 et
921 2494 1223 2564 Carbonis,“s1ttu1

236 2589 418 2628 roenaaarrs
436 2590 631 2630 crvrrnrraus
649 2591 810 2630 anscnrerr
832 2591 997 2642 rurssanr3
1019 2592 1047 2630 si
1067 2591 1144 2643 run,
1158 2591 1223 2630 cura

236 2666 296 2705 anx
312 2667 506 2721 senuaar-na,
522 2669 555 2706 m
570 2670 675 2708 mama
690 2669 879 2709 ncurcmrmr
893 2670 1107 2721 assumseram
1129 2670 1223 2721 an,s1

236 2745 409 2784 auxanium
443 2747 556 2786 uranus
583 2748 663 2789 arun
698 2749 872 2788 russonum
904 2749 1021 2788 assam·
1049 2731 1222 2787 enorassr.''

183 2810 219 2864 30
237 2803 313 2862 Ciam
336 2806 385 2863 hic
406 2807 584 2865 domicilium
603 2809 706 2866 Βοωω
726 2810 831 2866 multos
841 2809 901 2885 jam
916 2828 1006 2866 annos
1019 2809 1148 2879 haberet,
1162 2829 1223 2884 pro-

237 2885 327 2942 fessus
350 2896 394 2944 est
422 2887 496 2962 apud
523 2897 682 2963 pretorem,
709 2887 750 2949 Q.
779 2887 941 2957 Metellum,
968 2887 1223 2945 familiarissimum

236 2983 328 3023 suum.

276 3043 307 3100 Si
326 3043 397 3102 nihil
414 3043 502 3114 aliud,
517 3044 572 3102 nisi
594 3045 631 3102 de
653 3045 771 3102 civitate
785 3064 820 3102 ac
833 3045 908 3121 lege,
922 3045 1057 3114 dicimus,
1071 3045 1142 3101 nihil
1158 3044 1224 3101 dico

237 3122 374 3197 ampliba:
396 3141 485 3179 causa
499 3123 578 3180 dicta
591 3134 651 3180 est:
671 3124 740 3198 quid
754 3124 831 3180 enim
846 3124 946 3180 horum
967 3123 1115 3194 infirmari,
1128 3123 1222 3193 Grati,

182 3210 219 3263 35
235 3203 346 3276 potestl
382 3200 571 3258 Heracleaene
594 3221 657 3259 esse
681 3213 741 3258 tum
765 3202 939 3278 adscriptum
961 3201 1102 3277 negabisl
1130 3202 1223 3258 Adest

236 3280 277 3336 vir
297 3277 409 3334 summai
431 3279 609 3350 auctoritate,
624 3291 653 3338 et
667 3281 814 3356 religione,
829 3291 858 3337 et
872 3280 938 3349 lide,
954 3279 994 3336 M.
1011 3280 1160 3351 Lucullus,
1173 3280 1222 3354 qui

236 3377 266 3414 se
286 3377 342 3414 non
362 3355 483 3432 opinari,
505 3357 555 3413 sed
579 3358 672 3427 scire3
695 3379 751 3416 non
773 3359 925 3429 audivisse,
946 3359 996 3414 sed
1021 3358 1143 3427 vidisse;
1165 3378 1221 3414 non

236 3435 408 3512 interfuisse,
430 3434 481 3491 sed
502 3435 606 3511 egisse,
629 3436 708 3493 dicit.
750 3437 866 3494 Adsunt
890 3435 1101 3494 Heracleenses
1125 3435 1221 3512 legati,

235 3513 404 3571 nobilissimi
426 3513 566 3584 homines,
583 3513 682 3590 (hujus
698 3514 801 3590 judicii
822 3516 922 3587 causi,
936 3533 1004 3572 cum
1026 3514 1179 3584 mandatis,
1192 3524 1221 3570 et

183 3599 218 3652 40
236 3610 302 3648 cum
325 3591 441 3667 publico
464 3592 636 3663 testimonio,
660 3594 814 3672 venerunt)
837 3593 889 3668 qui
913 3594 991 3650 hunc
1016 3592 1220 3671 [adscriptum]

236 3669 461 3727 Heracleensem
476 3670 584 3727 dicunt.

275 3746 335 3803 Hic
353 3758 383 3804 tu
402 3747 514 3804 tabulas
534 3748 680 3806 desideras
702 3748 943 3807 Heracleensium
964 3749 1113 3826 publicas;
1140 3767 1221 3823 quas.

236 3822 338 3880 Italico
351 3825 435 3895 bello,
452 3825 570 3884 incenso
587 3827 739 3894 tabulario,
753 3827 886 3886 interisse
898 3828 1007 3886 scimus
1019 3847 1128 3885 omnes.
1169 3825 1221 3883 Est
