2775 4425
418 342 556 392 ORATIO
579 342 616 392 IN
640 341 677 392 M.
694 333 900 392 turonium.
1128 345 1186 404 155

136 485 371 563 ¹ocupletissimre
396 485 581 544 Cretensium
609 486 799 564 vectigalibus
823 487 999 558 liberantur;
1034 487 1134 546 statui·

136 580 249 643 turque,
265 585 313 636 ne,
327 577 391 641 post
407 565 446 622 M.
463 565 584 624 Brutum
599 566 811 642 proconsulem,
820 567 857 624 sit
871 567 961 624 Creta
973 567 1131 643 provincie.

137 645 187 703 Tu
209 645 316 702 mentis
329 665 361 702 es
383 646 524 721 composl
552 657 583 702 tu
606 665 663 703 non
686 646 953 722 constringendus?
995 648 1055 718 An,
1069 647 1135 705 Cre·

137 725 209 781 saris
223 724 351 794 decreto,
368 723 457 782 Creta
476 715 596 798 post'M.
611 725 694 782 Bruti
716 726 870 787 decessum
892 725 984 800 potuit
1005 726 1132 797 liberari,

138 801 208 860 cina
221 803 311 860 Crete
325 802 396 860 nibil
423 803 458 860 ad
485 803 616 876 Brutum,
631 803 750 862 Cessare
774 805 848 876 rivo,
862 804 1039 881 pertineretl
1081 805 1132 877 Ar,
1167 807 1186 862 5

138 883 224 959 hujus
238 882 403 940 venditione
418 882 538 954 decreti,
555 882 607 959 (ne
620 883 692 941 nihil
708 894 805 941 actum
819 882 940 962 putetis)
955 884 1133 960 provinciam

139 961 258 1018 Cretam
284 961 457 1038 perdidistis.
499 960 608 1020 Omnio
636 981 722 1020 nemo
749 962 836 1020 ullius
863 962 905 1022 rei
932 963 986 1022 luit
1012 975 1133 1042 emptor,

139 1041 187 1097 cni
201 1040 326 1098 desuerit
340 1041 388 1097 hic
402 1041 542 1098 venditor.

179 1119 217 1176 Et
231 1119 268 1176 de
283 1119 429 1176 exsulibus
443 1119 547 1196 legem,
562 1139 649 1196 quam
663 1120 760 1192 fixisti,
775 1120 875 1180 Caesar
889 1121 974 1180 tulitl
1014 1121 1134 1180 Nullius

138 1198 265 1256 insector
286 1198 498 1257 calamitatem:
528 1198 642 1257 tantum
661 1219 776 1276 queror,
790 1199 926 1277 primum,
939 1220 1040 1260 eorum
1061 1202 1188 1261 redi-1⁰

139 1289 185 1335 tus
209 1289 345 1354 aequatos,
364 1297 486 1354 quornm
513 1297 632 1336 causam
658 1278 828 1337 dissimilem
851 1281 952 1338 Cesar
974 1281 1114 1356 judicdrit
1126 1301 1134 1351 ;

139 1357 256 1426 deinde,
272 1357 373 1414 nescio
387 1377 439 1414 cur
460 1357 577 1434 reliquis
599 1359 675 1416 idem
697 1377 755 1416 non
780 1359 907 1416 tribuas:
939 1379 1033 1436 neque
1055 1360 1136 1418 enim

138 1437 203 1512 plus
217 1434 304 1511 quim
319 1446 376 1493 tres
392 1445 440 1493 eut
454 1448 575 1512 quatuor
589 1437 691 1513 reliqui
705 1448 782 1495 sunt.
822 1437 886 1499 Qui
900 1438 988 1495 simili
1009 1439 1039 1496 in
1060 1439 1137 1496 calu·

139 1515 239 1572 mitate
258 1526 336 1586 sunt,
351 1535 403 1573 cur
427 1518 478 1573 tud
492 1516 691 1575 misericordiis
705 1517 792 1574 simili
814 1535 873 1574 nou
899 1517 1054 1574 fruuntur'l
1082 1535 1136 1575 cur

139 1613 189 1652 eos
204 1595 293 1652 habes
308 1595 337 1652 in
352 1595 417 1652 loco
436 1596 550 1671 patruil
571 1596 607 1652 de
628 1614 686 1672 quo
700 1596 786 1667 ferre,
801 1594 870 1654 cdm
890 1597 927 1654 de
941 1596 1058 1672 reliquis
1082 1597 1138 1654 ser·
1156 1595 1190 1650 15

139 1693 196 1745 res,
211 1673 346 1732 noluisti:
368 1693 452 1749 quem
467 1675 555 1732 etiam
571 1676 605 1732 ed
626 1695 781 1734 censuram
803 1677 958 1752 petendam
979 1676 1135 1752 impulisti;

140 1773 262 1829 eamque
287 1754 455 1830 petitionem
477 1754 661 1832 comperisti,
682 1775 747 1831 qne
770 1767 801 1812 et
825 1756 900 1814 risus
926 1756 1077 1814 bominum
1106 1770 1137 1814 et

139 1833 271 1910 querelas
286 1846 420 1890 moveret.

180 1912 242 1969 Cur
258 1923 355 1969 autem
378 1931 414 1969 ea
432 1912 551 1970 comitia
572 1932 630 1971 non
653 1913 802 1972 habuistil
844 1914 893 1973 An
914 1915 983 1990 quie
1002 1915 1137 1972 tribunus

141 1991 232 2068 plebis
246 1992 393 2049 sinistrum
408 1991 516 2050 fulmen
532 1993 706 2050 nuntiabatl
747 1991 825 2051 Cirm
849 1994 899 2052 tud
913 1994 982 2070 quid
1007 1995 1136 2063 interest,
1153 1990 1190 2044 2⁰

142 2071 221 2128 nulle
236 2071 365 2146 auspicia
379 2071 453 2140 sint3
475 2071 544 2128 cirm
560 2083 682 2142 tuorum,
697 2084 758 2130 tum
773 2073 813 2128 sis
826 2073 1001 2148 religiosusl
1031 2073 1136 2135 Quidl

141 2151 267 2208 eundem
283 2151 318 2206 in
327 2151 529 2227 septemviratu
549 2171 647 2208 nonne
661 2151 815 2208 destituisti
827 2153 839 2207 l
875 2150 1036 2208 Intervenit
1048 2151 1136 2207 enim.

140 2231 224 2292 Quid
247 2231 394 2287 metuistil
423 2232 521 2303 credo,
536 2250 573 2289 ne
594 2232 673 2289 salvo
698 2232 793 2306 capite
816 2250 923 2307 negare
947 2250 1005 2287 non
1030 2248 1138 2307 posses.

140 2308 288 2367 Omnibus
301 2329 369 2367 eum
383 2310 567 2369 contumeliis
580 2310 719 2381 orrerdsti,
733 2329 818 2386 quem
833 2310 923 2385 patris
942 2310 1017 2381 loco,
1031 2310 1057 2367 si
1080 2308 1139 2366 ulle

141 2390 171 2446 in
197 2401 225 2447 te
254 2389 345 2465 pietas
372 2400 457 2460 esset,
479 2390 575 2448 colere
599 2390 735 2447 debebas.
779 2389 884 2447 Filiam
910 2389 983 2466 ejus,
1011 2406 1138 2447 sororem
1155 2394 1192 2448 25

141 2480 232 2541 tuam,
257 2468 378 2545 ejecisti,
407 2469 464 2525 alia
485 2469 651 2527 conditione
672 2469 792 2545 quaesitui
818 2480 849 2527 et
876 2469 943 2527 ante
976 2468 1137 2546 prospecti.

142 2548 211 2605 Non
235 2559 280 2605 est
301 2549 389 2605 satis:
418 2550 514 2625 probri
540 2549 712 2607 insimulrlsti
733 2550 952 2626 pudicissimam
979 2550 1137 2608 foeminam.

141 2628 225 2690 Quid
239 2637 293 2699 est,
307 2628 383 2703 quod
399 2628 466 2685 addi
480 2630 590 2703 possiti
632 2629 795 2688 Contentus
816 2650 851 2687 eo
873 2650 929 2688 non
956 2630 1054 2687 suisti:
1085 2630 1140 2687 fre·

142 2708 332 2782 quentissimo
346 2718 448 2765 senatu
462 2707 602 2765 Calendis
617 2708 775 2779 ianuariis,
790 2710 910 2767 sedente
931 2722 1044 2785 patruo,
1060 2710 1138 2765 hauc

143 2786 196 2844 tibi
210 2806 274 2843 esse
297 2806 363 2844 cum
387 2786 539 2844 Dolabellia
562 2806 681 2845 causam
700 2789 769 2858 odii,
784 2789 882 2845 dicere
897 2806 985 2845 ausus
1004 2808 1046 2858 es,
1060 2786 1139 2861 quod
1156 2792 1193 2846 30

144 2866 230 2923 abeo
243 2866 334 2923 sorori
348 2876 377 2923 et
391 2866 473 2924 uxori
486 2877 543 2923 ture
558 2878 688 2941 stuprum
709 2869 838 2925 oblatum
852 2886 916 2923 esse
938 2866 1138 2941 comperisses.

143 2944 222 3005 Quis
253 2946 434 3021 interpretari
456 2956 557 3021 potest,
581 2946 823 3021 impudentiorne,
845 2944 895 3019 qui
916 2945 945 3000 in
966 2954 1080 3012 senatu,
1103 2962 1140 2999 au

144 3024 309 3099 improbior,
323 3025 373 3101 qui
395 3024 425 3082 in
449 3024 642 3095 Dolabellam,
658 3044 694 3081 an
717 3022 865 3098 impurior,
887 3021 936 3097 qui
958 3035 1039 3097 patre
1062 3021 1142 3078 audi·

144 3114 222 3173 ente,
245 3123 282 3160 an
304 3103 457 3175 crudelior,
478 3104 527 3180 qui
548 3104 578 3161 in
600 3104 679 3163 illem
700 3102 836 3159 miseram
856 3111 916 3157 tam
943 3098 1060 3180 spurce,
1081 3110 1140 3156 tam

145 3181 244 3258 impie,
259 3182 387 3240 dixerisl
1158 3180 1196 3233 35

184 3260 335 3320 XXXIX.
379 3262 438 3318 Sed
461 3262 496 3319 ad
517 3261 709 3339 chirographa
723 3259 884 3317 redeamus.
925 3259 1003 3321 Quae
1017 3267 1068 3317 tua
1089 3257 1142 3315 suit

146 3340 295 3417 cognitiol
337 3341 414 3398 Acta
428 3342 507 3398 enim
523 3342 658 3412 Caesaris,
672 3340 754 3417 pacis
775 3340 876 3411 causti,
890 3339 1061 3397 confirmata
1075 3348 1143 3395 sunt

146 3430 290 3492 asenatn,
305 3440 369 3496 quae
390 3421 506 3496 quidem
522 3420 621 3477 Caesar
642 3422 760 3497 egisset,
775 3440 834 3477 non
855 3439 901 3490 ea,
915 3438 979 3495 quae
994 3418 1142 3475 cesarem

101 3570 104 3577 ⁴
145 3500 238 3575 egisse
253 3500 374 3558 dixisset
387 3500 543 3557 Antonius.
586 3499 671 3557 Unde
686 3500 742 3571 ista
754 3500 932 3575 erumpunt?
953 3518 1010 3573 quo
1025 3508 1143 3554 auctore

145 3579 351 3653 proferunturl
395 3580 427 3637 Si
456 3593 524 3635 sunt
550 3578 631 3649 salsa,
654 3599 708 3637 cur
731 3580 910 3653 probanturl
939 3578 963 3634 si
991 3596 1068 3647 vera,
1090 3594 1142 3632 cur
1159 3570 1196 3625 40

146 3660 293 3715 veneuntl
336 3659 378 3715 Ar
391 3659 435 3715 sic
459 3658 618 3734 placuerat,
634 3671 675 3729 ut,
690 3678 727 3715 ex
741 3658 882 3715 Calendis
905 3656 1013 3726 Juniis,
1028 3654 1144 3713 de'Cae·

146 3738 216 3794 saris
232 3736 305 3794 actis
320 3756 388 3795 cum
403 3738 524 3795 consilio
539 3736 762 3814 cognosceretis.
797 3736 886 3798 Quod
904 3736 957 3793 luit
968 3736 1142 3793 consilium?

145 3836 229 3892 quem
242 3836 370 3892 unquam
388 3816 558 3874 advocastit
579 3836 651 3893 quas
666 3816 814 3873 Calendas
828 3816 845 3872 J
850 3815 934 3873 unias
944 3814 1143 3891 exspectastil

146 3914 183 3953 an
197 3916 258 3967 eas,
275 3896 310 3952 ad
325 3905 450 3971 queste,
465 3897 624 3973 peragratis
636 3906 837 3953 veteranorum
862 3894 994 3966 coloniis,
1008 3891 1144 3971 stipatum

147 3975 233 4032 armis
248 3974 394 4033 retulisti?
1163 3977 1199 4028 45

1186 2933 1206 2965 Ι
