2775 4425
184 372 224 431 40
427 366 563 416 ORATIO
587 366 631 415 lV.
655 366 691 415 IN
716 365 747 415 L.
770 366 983 416 CATILINAM.

237 508 384 567 habendos
396 519 472 586 puto.
515 509 620 567 Caeteri
635 508 702 567 verb
719 508 783 584 (Dii
801 509 974 567 immortales
984 511 1006 588 l)
1022 511 1079 585 qua
1094 510 1228 586 frequen-

236 588 287 659 tia,
303 606 358 661 quo
376 590 479 659 studio,
494 590 551 663 qud
572 590 685 659 virtute,
701 590 737 645 ad
758 608 940 646 communem
961 590 1130 665 dignitatem
1151 590 1227 646 salu-

236 674 352 741 temque
372 666 572 725 consentiunt!
614 668 697 729 Quid
718 686 773 743 ego
793 668 841 724 hic
862 668 973 741 equites
988 669 1135 726 Romanos
1149 688 1227 725 corn·

236 748 412 804 memorem?
433 746 482 821 qui
497 746 576 804 vobis
590 746 630 803 ita
644 742 785 803 summam
805 746 914 803 ordinis
934 748 1103 821 consiliique
1121 766 1228 804 conce-

200 824 318 895 5dunt,
340 836 371 882 ut
391 825 539 883 vobiscum
560 826 595 881 de
624 844 720 881 amore
746 824 912 899 reipublicae
933 836 1060 894 certent;
1089 844 1168 899 quos,
1190 846 1227 883 ex

236 903 390 961 multorum
411 922 550 961 annorum
571 903 748 960 dissensione
769 904 805 959 ad
826 902 910 978 hujus
930 905 1038 961 ordinis
1058 905 1227 961 societatem

236 982 478 1058 concordiamque
508 992 664 1052 revocatos,
686 982 840 1039 hodiernus
868 982 930 1039 dies
957 983 1115 1053 vobiscum,
1140 995 1227 1057 atque

237 1060 299 1117 haec
320 1080 418 1132 causa,
434 1061 597 1137 conjungit;
619 1080 706 1135 quarn
727 1059 959 1135 conjunctionem
979 1062 1014 1131 si,
1029 1061 1059 1117 in
1074 1063 1226 1118 consulatu

237 1139 435 1197 confirmatam
455 1158 529 1211 meo,
543 1150 710 1216 perpetuam
731 1138 761 1195 in
781 1139 930 1214 republica
944 1140 1137 1210 tenuerimus;
1159 1160 1228 1197 con-

188 1216 219 1271 10
236 1218 319 1276 firmo
332 1218 421 1289 vobis,
436 1219 547 1275 nullum
567 1219 686 1294 posthac
707 1217 814 1273 malum
837 1217 921 1275 civile
936 1238 971 1275 ac
985 1219 1173 1275 domesticum
1189 1220 1227 1275 ad

236 1296 326 1353 ullam
345 1296 510 1373 reipublicae
530 1308 640 1373 partem
654 1316 718 1353 esse
732 1306 891 1353 uenturum.
933 1296 1011 1372 Pari⁸
1021 1298 1116 1355 studio
1128 1297 1228 1354 defen·

237 1375 338 1433 dendae
359 1376 525 1453 reipublicae
546 1375 713 1433 convenisse
727 1376 810 1431 video
823 1375 952 1432 tribunos
972 1377 1096 1446 aerarioS,
1111 1376 1227 1433 fortissi-

236 1472 298 1512 mos
312 1455 402 1526 viros3
424 1455 534 1513 scribas
548 1454 617 1512 item
632 1454 794 1524 universos;
816 1471 887 1527 quos
907 1452 976 1511 crim
997 1474 1066 1511 casu
1088 1456 1149 1511 haec
1163 1456 1228 1511 dies

237 1534 274 1590 ad
295 1534 427 1593 aerarium
448 1534 665 1609 frequentasset,
680 1532 772 1603 video,
793 1533 828 1589 ab
849 1533 1060 1607 exspectatione
1081 1534 1173 1604 sortis,
1189 1535 1227 1590 ad

189 1622 219 1676 15
237 1630 420 1671 communem
431 1613 553 1671 salutem
563 1632 626 1669 esse
638 1630 797 1669 conversos.
828 1609 933 1667 Omnis
944 1611 1133 1687 ingenuorum
1145 1614 1228 1669 adest

236 1692 399 1763 multitudo,
409 1692 496 1749 etiam
506 1690 746 1748 tenuissimorum.
780 1689 859 1750 Quis
873 1700 917 1746 est
929 1690 1017 1761 euim,
1032 1690 1081 1747 cui
1094 1710 1150 1748 non
1163 1692 1228 1749 haec

236 1770 352 1845 templa,
368 1771 520 1844 adspectus
540 1768 628 1839 urbis,
643 1767 783 1843 possessio
795 1767 946 1839 libertatis,
960 1769 1009 1825 lux
1023 1770 1147 1843 denique
1162 1770 1227 1827 haec
1313 1832 1318 1838 ,

237 1846 308 1921 ipsa,
323 1858 352 1904 et
365 1848 420 1904 hoc
434 1866 586 1905 commune
598 1846 698 1923 patriae
712 1846 814 1918 solum,
829 1845 897 1903 cum
911 1848 948 1904 sit
962 1866 1071 1919 carum,
1082 1859 1143 1904 tum
1157 1847 1226 1906 vero

237 1924 322 1981 dulce
338 1935 423 2001 atque
434 1924 616 2001 jucunduml

184 2012 220 2065 20
277 2002 362 2060 VIII.
397 2002 500 2079 Operae
513 2004 637 2081 pretium
657 2013 710 2076 est,
724 2004 826 2062 Patres
839 2004 1013 2081 Conscripti,
1027 2005 1226 2063 libertinorum

237 2081 385 2139 hominum
406 2082 502 2141 studia
515 2102 706 2161 cognoscere;
728 2083 787 2158 qui,
802 2084 906 2141 virtute
926 2084 979 2140 sua
1000 2084 1143 2141 fortunam
1156 2086 1226 2141 civi·

236 2160 303 2219 tatis
318 2162 476 2235 consecuti,
491 2164 567 2222 hauc
580 2162 647 2222 verb
663 2181 745 2221 suam
758 2163 880 2240 patriam
894 2182 957 2220 esse
968 2163 1116 2239 judicant3
1138 2183 1224 2239 quam

237 2241 364 2316 quidam,
379 2243 448 2301 hinc
461 2243 531 2315 nati,
542 2253 571 2301 et
581 2262 692 2300 summo
705 2241 766 2300 nati
779 2243 852 2313 loco,
863 2262 921 2300 non
934 2243 1056 2318 patriam
1070 2262 1162 2313 suam,
1173 2245 1224 2301 sed

236 2321 337 2379 urbem
353 2322 486 2394 hostium,
498 2341 561 2380 esse
572 2322 782 2399 judicaverunt.
813 2322 872 2378 Sed
881 2321 950 2396 quid
961 2340 1014 2397 ego
1024 2321 1143 2396 hujusce
1151 2323 1225 2380 ordi-

183 2407 220 2460 25
236 2398 282 2456 nis
304 2401 433 2458 homines
454 2419 684 2470 commemorem,
699 2419 770 2474 quos
789 2399 905 2475 privatae
920 2400 1049 2470 fortunae,
1064 2419 1134 2474 quos
1148 2419 1225 2458 corn·

236 2477 331 2534 munis
353 2479 524 2553 respublica,
539 2497 610 2552 quos
631 2478 757 2552 denique
778 2479 895 2535 libertas
914 2497 958 2548 ea,
974 2497 1037 2553 quae
1057 2479 1224 2537 dulcissima

237 2565 289 2624 est,
310 2556 346 2612 ad
366 2557 487 2613 salutem
507 2557 606 2632 patriae
627 2557 837 2614 defendendam
858 2557 1013 2614 excitavitt
1055 2558 1161 2615 Servus
1180 2569 1224 2616 est

236 2651 331 2704 nemo,
346 2633 394 2707 qui
415 2634 500 2692 modo
521 2634 661 2693 tolerabili
683 2635 847 2693 conditione
867 2635 905 2692 sit
924 2636 1078 2707 servitutis,
1098 2637 1223 2710 quinon

238 2711 390 2768 audaciam
411 2713 518 2770 civium
538 2715 751 2790 perhorrescat3
782 2714 832 2788 qui
852 2715 993 2787 nonbaec
1013 2725 1089 2772 stare
1109 2716 1223 2791 cupiat3

183 2793 219 2848 30
236 2789 285 2863 qui
299 2810 356 2848 non
370 2801 492 2863 tanturn,
507 2803 645 2867 quantum
661 2793 757 2863 audet,
771 2802 801 2849 et
820 2803 959 2867 quantum
978 2803 1080 2870 potest,
1095 2795 1225 2852 conferat

237 2869 273 2925 ad
288 2889 470 2928 communem
484 2872 615 2942 salutem,
630 2871 793 2930 voluntatis.

274 2948 386 3021 Quare,
398 2949 423 3006 si
436 2969 522 3025 quem
536 2950 661 3008 vestrum
676 2949 747 3007 sorte
763 2955 922 3007 commovet
932 2951 997 3020 hoc,
1007 2950 1082 3024 quod
1095 2952 1223 3009 auditum

236 3037 288 3099 est,
303 3029 436 3086 lenonem
457 3031 601 3104 quendam
622 3028 738 3086 Lentuli
759 3048 933 3086 concursare
953 3028 1065 3086 circum
1079 3031 1222 3102 tabernas,

234 3107 325 3182 pretio
345 3127 459 3184 sperare
487 3108 634 3166 sollicitari
662 3127 745 3184 posse
766 3106 877 3164 animos
897 3107 1044 3184 egentium
1067 3119 1152 3182 atque
1174 3109 1224 3165 irn-

183 3187 218 3242 35
234 3185 390 3262 peritorum
399 3207 406 3256 ;
428 3196 472 3244 est
486 3187 514 3242 id
529 3187 645 3261 quidem
661 3195 785 3261 coeptum
805 3196 891 3260 atque
907 3197 1065 3244 tentatum:
1087 3188 1136 3244 sed
1152 3188 1223 3244 nulli

235 3274 302 3321 sunt
316 3263 424 3322 inventi
438 3273 497 3320 tam
512 3274 561 3320 aut
576 3264 688 3321 fortuna
703 3263 810 3334 miseri,
825 3275 874 3320 aut
888 3265 1032 3322 voluntate
1046 3266 1160 3340 perditi,
1174 3266 1223 3340 qui

235 3362 292 3400 non
314 3343 405 3418 ipsum
427 3341 507 3398 illurn
528 3343 604 3399 sellae
627 3351 713 3415 atque
725 3342 819 3419 operis
832 3353 861 3400 et
874 3343 999 3417 quaestirs
1012 3344 1170 3418 quotidiani
1186 3346 1224 3402 lo·
1256 3380 1269 3388 -

163 3435 169 3448 ·
236 3440 319 3491 curn3
341 3420 458 3496 quinon
470 3419 566 3478 cubile
581 3438 615 3478 ac
629 3420 768 3477 lectulum
782 3441 882 3492 suum;
903 3422 951 3496 qui
962 3421 1085 3496 denique
1095 3443 1151 3479 non
1161 3442 1224 3480 cur-

235 3519 298 3557 sum
313 3500 391 3559 hunc
404 3499 526 3557 otiosum
540 3497 604 3556 vitae
619 3517 687 3570 suae,
703 3500 812 3557 salvum
826 3520 889 3558 esse
904 3501 1015 3558 vellent.
1051 3500 1146 3557 Multb
1156 3500 1222 3558 verb

183 3579 218 3632 40
234 3579 360 3636 maxima
369 3599 435 3656 pars
444 3597 552 3649 eorum,
564 3577 613 3653 qui
627 3577 657 3636 in
671 3579 799 3636 tabernis
813 3590 895 3650 sunt;
917 3579 1004 3635 immo
1015 3578 1082 3636 verb
1093 3579 1137 3654 (id
1146 3579 1223 3637 enim

234 3656 329 3733 potiris
349 3669 392 3715 est
413 3657 582 3736 dicendum)
604 3677 697 3734 genus
727 3658 782 3716 hoc
809 3658 974 3716 universum
996 3659 1222 3715 amantissimum

235 3746 279 3792 est
292 3735 360 3792 otii:
382 3735 488 3794 etenim
502 3755 587 3794 omne
604 3755 702 3794 eorum
723 3735 954 3806 instrumentum,
968 3737 1062 3793 omnis
1081 3757 1168 3812 opera
1188 3755 1222 3794 ac

235 3822 370 3888 quaestus,
385 3814 545 3888 frequentia
560 3814 666 3872 civium
686 3815 853 3887 sustinetur,
869 3815 952 3873 alitur
966 3815 1041 3873 otio:
1062 3835 1184 3890 quorum
1199 3815 1222 3872 si
