<?xml version="1.0" encoding="UTF-8"?>
<!DOCTYPE html PUBLIC "-//W3C//DTD XHTML 1.0 Transitional//EN"
    "http://www.w3.org/TR/xhtml1/DTD/xhtml1-transitional.dtd">
<html xmlns="http://www.w3.org/1999/xhtml" xml:lang="en" lang="en">
 <head>
  <title>
</title>
<meta http-equiv="Content-Type" content="text/html;charset=utf-8" />
  <meta name='ocr-system' content='tesseract 3.04.00' />
  <meta name='ocr-capabilities' content='ocr_page ocr_carea ocr_par ocr_line ocrx_word'/>
</head>
<body>
  <div class='ocr_page' id='page_1' title='image "./mtciceronisorat00folsgoog/mtciceronisorat00folsgoog_0028.png"; bbox 0 0 2775 4425; ppageno 0'>
   <div class='ocr_carea' id='block_1_1' title="bbox 177 356 991 423">
    <p class='ocr_par' dir='ltr' id='par_1_1' title="bbox 177 356 991 423">
     <span class='ocr_line' id='line_1_1' title="bbox 177 356 991 423; baseline 0 -17"><span class='ocrx_word' id='word_1_1' title='bbox 177 366 218 423; x_wconf 73' lang='lat'>22</span> <span class='ocrx_word' id='word_1_2' title='bbox 447 356 583 407; x_wconf 80' lang='lat' dir='ltr'>ORATIO</span> <span class='ocrx_word' id='word_1_3' title='bbox 605 357 640 406; x_wconf 87' lang='lat' dir='ltr'>ll.</span> <span class='ocrx_word' id='word_1_4' title='bbox 663 356 698 406; x_wconf 88' lang='lat' dir='ltr'>IN</span> <span class='ocrx_word' id='word_1_5' title='bbox 722 358 753 406; x_wconf 79' lang='lat'>1..</span> <span class='ocrx_word' id='word_1_6' title='bbox 777 356 991 407; x_wconf 82' lang='lat' dir='ltr'><strong>CATILINAM.</strong></span> 
     </span>
    </p>
   </div>
   <div class='ocr_carea' id='block_1_2' title="bbox 107 498 1205 3802">
    <p class='ocr_par' dir='ltr' id='par_1_2' title="bbox 107 498 1205 3802">
     <span class='ocr_line' id='line_1_2' title="bbox 226 498 1203 579; baseline -0.001 -18"><span class='ocrx_word' id='word_1_7' title='bbox 226 503 346 561; x_wconf 88' lang='lat' dir='ltr'>minime</span> <span class='ocrx_word' id='word_1_8' title='bbox 360 512 429 579; x_wconf 92' lang='lat' dir='ltr'>puto</span> <span class='ocrx_word' id='word_1_9' title='bbox 442 502 694 577; x_wconf 88' lang='lat' dir='ltr'>pertimescendos,</span> <span class='ocrx_word' id='word_1_10' title='bbox 708 498 786 576; x_wconf 87' lang='lat' dir='ltr'>qubd</span> <span class='ocrx_word' id='word_1_11' title='bbox 808 512 858 558; x_wconf 89' lang='lat' dir='ltr'>aut</span> <span class='ocrx_word' id='word_1_12' title='bbox 878 501 984 558; x_wconf 89' lang='lat' dir='ltr'>deduci</span> <span class='ocrx_word' id='word_1_13' title='bbox 1009 502 1045 559; x_wconf 87' lang='lat' dir='ltr'>de</span> <span class='ocrx_word' id='word_1_14' title='bbox 1061 502 1203 560; x_wconf 67' lang='lat' dir='ltr'>sententia</span> 
     </span>
     <span class='ocr_line' id='line_1_3' title="bbox 226 580 1204 659; baseline 0.002 -22"><span class='ocrx_word' id='word_1_15' title='bbox 226 594 358 659; x_wconf 88' lang='lat' dir='ltr'>possunt;</span> <span class='ocrx_word' id='word_1_16' title='bbox 382 593 440 652; x_wconf 90' lang='lat' dir='ltr'>aut,</span> <span class='ocrx_word' id='word_1_17' title='bbox 455 582 478 638; x_wconf 90' lang='lat' dir='ltr'>si</span> <span class='ocrx_word' id='word_1_18' title='bbox 493 580 710 656; x_wconf 88' lang='lat' dir='ltr'>permanebunt,</span> <span class='ocrx_word' id='word_1_19' title='bbox 726 581 818 655; x_wconf 85' lang='lat' dir='ltr'>magis</span> <span class='ocrx_word' id='word_1_20' title='bbox 832 581 901 637; x_wconf 84' lang='lat' dir='ltr'>milri</span> <span class='ocrx_word' id='word_1_21' title='bbox 917 581 1049 638; x_wconf 88' lang='lat' dir='ltr'>videntur</span> <span class='ocrx_word' id='word_1_22' title='bbox 1063 592 1127 638; x_wconf 85' lang='lat' dir='ltr'>vota</span> <span class='ocrx_word' id='word_1_23' title='bbox 1148 584 1204 639; x_wconf 88' lang='lat' dir='ltr'>sac·</span> 
     </span>
     <span class='ocr_line' id='line_1_4' title="bbox 226 658 995 735; baseline -0.003 -18"><span class='ocrx_word' id='word_1_24' title='bbox 226 662 283 717; x_wconf 90' lang='lat' dir='ltr'>turi</span> <span class='ocrx_word' id='word_1_25' title='bbox 298 672 397 719; x_wconf 89' lang='lat' dir='ltr'>contra</span> <span class='ocrx_word' id='word_1_26' title='bbox 411 660 627 735; x_wconf 80' lang='lat' dir='ltr'><strong>rempublicam,</strong></span> <span class='ocrx_word' id='word_1_27' title='bbox 641 658 728 734; x_wconf 76' lang='lat' dir='ltr'>qulam</span> <span class='ocrx_word' id='word_1_28' title='bbox 744 678 823 715; x_wconf 87' lang='lat' dir='ltr'>arma</span> <span class='ocrx_word' id='word_1_29' title='bbox 836 660 930 716; x_wconf 87' lang='lat' dir='ltr'>laturi.</span> <span class='ocrx_word' id='word_1_30' title='bbox 992 697 995 703; x_wconf 89' lang='lat'>-</span> 
     </span>
     <span class='ocr_line' id='line_1_5' title="bbox 267 739 1204 815; baseline 0.001 -20"><span class='ocrx_word' id='word_1_31' title='bbox 267 739 322 796; x_wconf 83' lang='lat' dir='ltr'>lx.</span> <span class='ocrx_word' id='word_1_32' title='bbox 345 741 477 797; x_wconf 86' lang='lat' dir='ltr'>Alterum</span> <span class='ocrx_word' id='word_1_33' title='bbox 492 757 584 815; x_wconf 85' lang='lat' dir='ltr'>genus</span> <span class='ocrx_word' id='word_1_34' title='bbox 598 749 641 795; x_wconf 88' lang='lat' dir='ltr'>est</span> <span class='ocrx_word' id='word_1_35' title='bbox 656 756 766 808; x_wconf 88' lang='lat' dir='ltr'>eorum,</span> <span class='ocrx_word' id='word_1_36' title='bbox 780 739 839 812; x_wconf 93' lang='lat' dir='ltr'>qui,</span> <span class='ocrx_word' id='word_1_37' title='bbox 853 756 1017 812; x_wconf 81' lang='lat' dir='ltr'><strong>quanquam</strong></span> <span class='ocrx_word' id='word_1_38' title='bbox 1038 748 1204 815; x_wconf 91' lang='lat' dir='ltr'>premuntur</span> 
     </span>
     <span class='ocr_line' id='line_1_6' title="bbox 177 818 1203 893; baseline 0.001 -18"><span class='ocrx_word' id='word_1_39' title='bbox 177 836 195 889; x_wconf 89' lang='lat'><strong>5</strong></span> <span class='ocrx_word' id='word_1_40' title='bbox 228 837 283 875; x_wconf 84' lang='lat' dir='ltr'>aere</span> <span class='ocrx_word' id='word_1_41' title='bbox 305 819 407 889; x_wconf 82' lang='lat' dir='ltr'>alieno,</span> <span class='ocrx_word' id='word_1_42' title='bbox 432 818 655 875; x_wconf 84' lang='lat' dir='ltr'>dominationem</span> <span class='ocrx_word' id='word_1_43' title='bbox 678 828 775 874; x_wconf 89' lang='lat' dir='ltr'>tamen</span> <span class='ocrx_word' id='word_1_44' title='bbox 799 829 984 891; x_wconf 71' lang='lat' dir='ltr'>exspectant,¹</span> <span class='ocrx_word' id='word_1_45' title='bbox 1006 837 1100 875; x_wconf 88' lang='lat' dir='ltr'>rerum</span> <span class='ocrx_word' id='word_1_46' title='bbox 1121 819 1203 893; x_wconf 87' lang='lat' dir='ltr'>potiri</span> 
     </span>
     <span class='ocr_line' id='line_1_7' title="bbox 227 895 1203 972; baseline -0.001 -18"><span class='ocrx_word' id='word_1_47' title='bbox 227 897 341 967; x_wconf 81' lang='lat' dir='ltr'>volunt3</span> <span class='ocrx_word' id='word_1_48' title='bbox 364 899 494 967; x_wconf 84' lang='lat' dir='ltr'>honores,</span> <span class='ocrx_word' id='word_1_49' title='bbox 508 916 578 971; x_wconf 92' lang='lat' dir='ltr'>quos</span> <span class='ocrx_word' id='word_1_50' title='bbox 591 896 688 971; x_wconf 72' lang='lat' dir='ltr'>quieta</span> <span class='ocrx_word' id='word_1_51' title='bbox 703 895 850 971; x_wconf 72' lang='lat' dir='ltr'>republica</span> <span class='ocrx_word' id='word_1_52' title='bbox 865 895 1026 970; x_wconf 88' lang='lat' dir='ltr'>desperant,</span> <span class='ocrx_word' id='word_1_53' title='bbox 1040 897 1203 972; x_wconf 75' lang='lat' dir='ltr'>perturbata</span> 
     </span>
     <span class='ocr_line' id='line_1_8' title="bbox 227 973 1203 1052; baseline -0.002 -19"><span class='ocrx_word' id='word_1_54' title='bbox 227 978 363 1051; x_wconf 83' lang='lat' dir='ltr'>consequi</span> <span class='ocrx_word' id='word_1_55' title='bbox 384 996 415 1033; x_wconf 88' lang='lat' dir='ltr'>se</span> <span class='ocrx_word' id='word_1_56' title='bbox 434 994 517 1052; x_wconf 88' lang='lat' dir='ltr'>posse</span> <span class='ocrx_word' id='word_1_57' title='bbox 541 975 723 1031; x_wconf 80' lang='lat' dir='ltr'>arbitrantur.</span> <span class='ocrx_word' id='word_1_58' title='bbox 764 973 882 1034; x_wconf 80' lang='lat' dir='ltr'>Quibus</span> <span class='ocrx_word' id='word_1_59' title='bbox 905 975 959 1031; x_wconf 91' lang='lat' dir='ltr'>hoc</span> <span class='ocrx_word' id='word_1_60' title='bbox 981 976 1203 1051; x_wconf 70' lang='lat' dir='ltr'>praecipiendum</span> 
     </span>
     <span class='ocr_line' id='line_1_9' title="bbox 228 1053 1203 1127; baseline -0.002 -16"><span class='ocrx_word' id='word_1_61' title='bbox 228 1056 348 1125; x_wconf 90' lang='lat' dir='ltr'>videtur,</span> <span class='ocrx_word' id='word_1_62' title='bbox 372 1074 462 1112; x_wconf 92' lang='lat' dir='ltr'>unum</span> <span class='ocrx_word' id='word_1_63' title='bbox 486 1054 598 1110; x_wconf 89' lang='lat' dir='ltr'>scilicet</span> <span class='ocrx_word' id='word_1_64' title='bbox 618 1062 647 1109; x_wconf 88' lang='lat' dir='ltr'>et</span> <span class='ocrx_word' id='word_1_65' title='bbox 668 1053 755 1123; x_wconf 89' lang='lat' dir='ltr'>idem,</span> <span class='ocrx_word' id='word_1_66' title='bbox 776 1053 851 1127; x_wconf 91' lang='lat' dir='ltr'>quod</span> <span class='ocrx_word' id='word_1_67' title='bbox 873 1054 986 1110; x_wconf 83' lang='lat' dir='ltr'>caeteris</span> <span class='ocrx_word' id='word_1_68' title='bbox 1006 1055 1149 1124; x_wconf 90' lang='lat' dir='ltr'>omnibus,</span> <span class='ocrx_word' id='word_1_69' title='bbox 1173 1064 1203 1111; x_wconf 91' lang='lat' dir='ltr'>ut</span> 
     </span>
     <span class='ocr_line' id='line_1_10' title="bbox 227 1130 1203 1209; baseline -0.002 -18"><span class='ocrx_word' id='word_1_70' title='bbox 227 1135 387 1209; x_wconf 84' lang='lat' dir='ltr'>desperent,</span> <span class='ocrx_word' id='word_1_71' title='bbox 409 1152 440 1190; x_wconf 87' lang='lat' dir='ltr'>se</span> <span class='ocrx_word' id='word_1_72' title='bbox 468 1134 506 1203; x_wconf 90' lang='lat' dir='ltr'>id,</span> <span class='ocrx_word' id='word_1_73' title='bbox 527 1131 603 1207; x_wconf 87' lang='lat' dir='ltr'>quod</span> <span class='ocrx_word' id='word_1_74' title='bbox 630 1140 780 1201; x_wconf 86' lang='lat' dir='ltr'>conantur,</span> <span class='ocrx_word' id='word_1_75' title='bbox 802 1132 938 1206; x_wconf 79' lang='lat' dir='ltr'>consequi</span> <span class='ocrx_word' id='word_1_76' title='bbox 960 1152 1058 1207; x_wconf 86' lang='lat' dir='ltr'>posse:</span> <span class='ocrx_word' id='word_1_77' title='bbox 1080 1130 1203 1209; x_wconf 82' lang='lat' dir='ltr'>primirm</span> 
     </span>
     <span class='ocr_line' id='line_1_11' title="bbox 180 1210 1203 1287; baseline -0.002 -18"><span class='ocrx_word' id='word_1_78' title='bbox 180 1230 213 1283; x_wconf 88' lang='lat'>10</span> <span class='ocrx_word' id='word_1_79' title='bbox 226 1214 365 1283; x_wconf 90' lang='lat' dir='ltr'>omnium,</span> <span class='ocrx_word' id='word_1_80' title='bbox 385 1230 432 1269; x_wconf 86' lang='lat' dir='ltr'>me</span> <span class='ocrx_word' id='word_1_81' title='bbox 453 1212 544 1287; x_wconf 91' lang='lat' dir='ltr'>ipsum</span> <span class='ocrx_word' id='word_1_82' title='bbox 566 1210 694 1287; x_wconf 85' lang='lat' dir='ltr'>vigilare,</span> <span class='ocrx_word' id='word_1_83' title='bbox 717 1210 826 1279; x_wconf 85' lang='lat' dir='ltr'>adesse,</span> <span class='ocrx_word' id='word_1_84' title='bbox 846 1210 995 1286; x_wconf 86' lang='lat' dir='ltr'>providere</span> <span class='ocrx_word' id='word_1_85' title='bbox 1021 1212 1203 1287; x_wconf 65' lang='lat' dir='ltr'>reipublicae:</span> 
     </span>
     <span class='ocr_line' id='line_1_12' title="bbox 227 1289 1205 1367; baseline -0.002 -18"><span class='ocrx_word' id='word_1_86' title='bbox 227 1291 342 1362; x_wconf 87' lang='lat' dir='ltr'>deinde,</span> <span class='ocrx_word' id='word_1_87' title='bbox 357 1310 475 1367; x_wconf 84' lang='lat' dir='ltr'>magnos</span> <span class='ocrx_word' id='word_1_88' title='bbox 490 1290 599 1347; x_wconf 87' lang='lat' dir='ltr'>animos</span> <span class='ocrx_word' id='word_1_89' title='bbox 613 1308 675 1346; x_wconf 88' lang='lat' dir='ltr'>esse</span> <span class='ocrx_word' id='word_1_90' title='bbox 695 1290 724 1346; x_wconf 92' lang='lat' dir='ltr'>in</span> <span class='ocrx_word' id='word_1_91' title='bbox 739 1289 821 1345; x_wconf 90' lang='lat' dir='ltr'>bonis</span> <span class='ocrx_word' id='word_1_92' title='bbox 842 1289 918 1359; x_wconf 88' lang='lat' dir='ltr'>viris,</span> <span class='ocrx_word' id='word_1_93' title='bbox 934 1308 1068 1365; x_wconf 83' lang='lat' dir='ltr'>magnam</span> <span class='ocrx_word' id='word_1_94' title='bbox 1088 1310 1205 1347; x_wconf 88' lang='lat' dir='ltr'>concor-</span> 
     </span>
     <span class='ocr_line' id='line_1_13' title="bbox 226 1368 1205 1445; baseline -0.003 -18"><span class='ocrx_word' id='word_1_95' title='bbox 226 1370 315 1441; x_wconf 90' lang='lat' dir='ltr'>diam,</span> <span class='ocrx_word' id='word_1_96' title='bbox 330 1370 483 1427; x_wconf 83' lang='lat' dir='ltr'>maximam</span> <span class='ocrx_word' id='word_1_97' title='bbox 498 1368 721 1439; x_wconf 84' lang='lat' dir='ltr'>multitudinem,</span> <span class='ocrx_word' id='word_1_98' title='bbox 735 1386 855 1444; x_wconf 87' lang='lat' dir='ltr'>magnas</span> <span class='ocrx_word' id='word_1_99' title='bbox 875 1379 1013 1443; x_wconf 75' lang='lat' dir='ltr'>praeterea</span> <span class='ocrx_word' id='word_1_100' title='bbox 1027 1369 1123 1445; x_wconf 89' lang='lat' dir='ltr'>copias</span> <span class='ocrx_word' id='word_1_101' title='bbox 1143 1368 1205 1424; x_wconf 91' lang='lat' dir='ltr'>mil-</span> 
     </span>
     <span class='ocr_line' id='line_1_14' title="bbox 228 1446 1205 1523; baseline -0.003 -17"><span class='ocrx_word' id='word_1_102' title='bbox 228 1450 315 1519; x_wconf 91' lang='lat' dir='ltr'>itum;</span> <span class='ocrx_word' id='word_1_103' title='bbox 338 1449 415 1507; x_wconf 91' lang='lat' dir='ltr'>Deos</span> <span class='ocrx_word' id='word_1_104' title='bbox 429 1448 552 1523; x_wconf 87' lang='lat' dir='ltr'>denique</span> <span class='ocrx_word' id='word_1_105' title='bbox 568 1447 742 1505; x_wconf 88' lang='lat' dir='ltr'>immortales</span> <span class='ocrx_word' id='word_1_106' title='bbox 756 1447 824 1503; x_wconf 90' lang='lat' dir='ltr'>huic</span> <span class='ocrx_word' id='word_1_107' title='bbox 839 1446 946 1503; x_wconf 86' lang='lat' dir='ltr'>invicto</span> <span class='ocrx_word' id='word_1_108' title='bbox 958 1447 1070 1523; x_wconf 92' lang='lat' dir='ltr'>populo,</span> <span class='ocrx_word' id='word_1_109' title='bbox 1082 1447 1205 1504; x_wconf 86' lang='lat' dir='ltr'>clarissi-</span> 
     </span>
     <span class='ocr_line' id='line_1_15' title="bbox 227 1526 1203 1605; baseline -0.002 -20"><span class='ocrx_word' id='word_1_110' title='bbox 227 1547 274 1586; x_wconf 92' lang='lat' dir='ltr'>mo</span> <span class='ocrx_word' id='word_1_111' title='bbox 288 1528 415 1605; x_wconf 86' lang='lat' dir='ltr'>imperio,</span> <span class='ocrx_word' id='word_1_112' title='bbox 435 1527 633 1604; x_wconf 76' lang='lat' dir='ltr'>pulcherrimae</span> <span class='ocrx_word' id='word_1_113' title='bbox 655 1526 730 1597; x_wconf 92' lang='lat' dir='ltr'>urbi,</span> <span class='ocrx_word' id='word_1_114' title='bbox 751 1537 851 1583; x_wconf 87' lang='lat' dir='ltr'>contra</span> <span class='ocrx_word' id='word_1_115' title='bbox 870 1535 979 1581; x_wconf 87' lang='lat' dir='ltr'>tautam</span> <span class='ocrx_word' id='word_1_116' title='bbox 1000 1526 1057 1583; x_wconf 91' lang='lat' dir='ltr'>vim</span> <span class='ocrx_word' id='word_1_117' title='bbox 1077 1527 1203 1597; x_wconf 84' lang='lat' dir='ltr'>sceleris,</span> 
     </span>
     <span class='ocr_line' id='line_1_16' title="bbox 180 1602 1202 1682; baseline -0.004 -16"><span class='ocrx_word' id='word_1_118' title='bbox 180 1622 213 1675; x_wconf 89' lang='lat'>15</span> <span class='ocrx_word' id='word_1_119' title='bbox 227 1620 381 1682; x_wconf 76' lang='lat' dir='ltr'>praesentes</span> <span class='ocrx_word' id='word_1_120' title='bbox 395 1608 532 1664; x_wconf 85' lang='lat' dir='ltr'>auxilium</span> <span class='ocrx_word' id='word_1_121' title='bbox 547 1625 610 1663; x_wconf 89' lang='lat' dir='ltr'>esse</span> <span class='ocrx_word' id='word_1_122' title='bbox 623 1605 739 1662; x_wconf 88' lang='lat' dir='ltr'>laturos.</span> <span class='ocrx_word' id='word_1_123' title='bbox 779 1602 870 1665; x_wconf 72' lang='lat' dir='ltr'>Quod</span> <span class='ocrx_word' id='word_1_124' title='bbox 885 1604 909 1659; x_wconf 92' lang='lat' dir='ltr'>si</span> <span class='ocrx_word' id='word_1_125' title='bbox 920 1604 980 1678; x_wconf 83' lang='lat' dir='ltr'>jam</span> <span class='ocrx_word' id='word_1_126' title='bbox 998 1606 1055 1662; x_wconf 92' lang='lat' dir='ltr'>sint</span> <span class='ocrx_word' id='word_1_127' title='bbox 1076 1606 1115 1676; x_wconf 92' lang='lat' dir='ltr'>id,</span> <span class='ocrx_word' id='word_1_128' title='bbox 1128 1606 1202 1681; x_wconf 93' lang='lat' dir='ltr'>quod</span> 
     </span>
     <span class='ocr_line' id='line_1_17' title="bbox 228 1683 1203 1759; baseline -0.004 -16"><span class='ocrx_word' id='word_1_129' title='bbox 228 1706 294 1743; x_wconf 93' lang='lat' dir='ltr'>curn</span> <span class='ocrx_word' id='word_1_130' title='bbox 309 1706 420 1743; x_wconf 91' lang='lat' dir='ltr'>summo</span> <span class='ocrx_word' id='word_1_131' title='bbox 434 1686 528 1741; x_wconf 85' lang='lat' dir='ltr'>furore</span> <span class='ocrx_word' id='word_1_132' title='bbox 542 1684 671 1759; x_wconf 90' lang='lat' dir='ltr'>cupiunt,</span> <span class='ocrx_word' id='word_1_133' title='bbox 688 1683 782 1757; x_wconf 90' lang='lat' dir='ltr'>adepti</span> <span class='ocrx_word' id='word_1_134' title='bbox 794 1702 800 1751; x_wconf 93' lang='grc'><strong>;</strong></span> <span class='ocrx_word' id='word_1_135' title='bbox 822 1702 892 1738; x_wconf 91' lang='lat' dir='ltr'>uum</span> <span class='ocrx_word' id='word_1_136' title='bbox 907 1683 958 1752; x_wconf 93' lang='lat' dir='ltr'>illi,</span> <span class='ocrx_word' id='word_1_137' title='bbox 967 1683 996 1741; x_wconf 91' lang='lat' dir='ltr'>in</span> <span class='ocrx_word' id='word_1_138' title='bbox 1006 1684 1104 1741; x_wconf 88' lang='lat' dir='ltr'>cinere</span> <span class='ocrx_word' id='word_1_139' title='bbox 1116 1685 1203 1755; x_wconf 91' lang='lat' dir='ltr'>urbis,</span> 
     </span>
     <span class='ocr_line' id='line_1_18' title="bbox 227 1760 1205 1840; baseline 0 -20"><span class='ocrx_word' id='word_1_140' title='bbox 227 1775 256 1821; x_wconf 89' lang='lat' dir='ltr'>et</span> <span class='ocrx_word' id='word_1_141' title='bbox 270 1766 410 1840; x_wconf 85' lang='lat' dir='ltr'>sanguine</span> <span class='ocrx_word' id='word_1_142' title='bbox 424 1764 530 1822; x_wconf 90' lang='lat' dir='ltr'>civium</span> <span class='ocrx_word' id='word_1_143' title='bbox 547 1762 622 1835; x_wconf 78' lang='lat' dir='ltr'>(quae</span> <span class='ocrx_word' id='word_1_144' title='bbox 638 1772 734 1817; x_wconf 88' lang='lat' dir='ltr'>mente</span> <span class='ocrx_word' id='word_1_145' title='bbox 748 1760 944 1817; x_wconf 75' lang='lat' dir='ltr'>conscelerate</span> <span class='ocrx_word' id='word_1_146' title='bbox 959 1780 994 1819; x_wconf 88' lang='lat' dir='ltr'>ac</span> <span class='ocrx_word' id='word_1_147' title='bbox 1013 1764 1125 1820; x_wconf 72' lang='lat' dir='ltr'>nefaria</span> <span class='ocrx_word' id='word_1_148' title='bbox 1139 1782 1205 1820; x_wconf 88' lang='lat' dir='ltr'>con-</span> 
     </span>
     <span class='ocr_line' id='line_1_19' title="bbox 228 1839 1204 1919; baseline 0.001 -22"><span class='ocrx_word' id='word_1_149' title='bbox 228 1842 404 1919; x_wconf 85' lang='lat' dir='ltr'>cupierunt),</span> <span class='ocrx_word' id='word_1_150' title='bbox 414 1860 445 1897; x_wconf 85' lang='lat' dir='ltr'>se</span> <span class='ocrx_word' id='word_1_151' title='bbox 454 1839 586 1897; x_wconf 84' lang='lat' dir='ltr'>consules</span> <span class='ocrx_word' id='word_1_152' title='bbox 596 1858 630 1896; x_wconf 89' lang='lat' dir='ltr'>ac</span> <span class='ocrx_word' id='word_1_153' title='bbox 639 1840 803 1909; x_wconf 89' lang='lat' dir='ltr'>dictatores,</span> <span class='ocrx_word' id='word_1_154' title='bbox 819 1849 868 1895; x_wconf 91' lang='lat' dir='ltr'>aut</span> <span class='ocrx_word' id='word_1_155' title='bbox 881 1840 968 1896; x_wconf 90' lang='lat' dir='ltr'>etiam</span> <span class='ocrx_word' id='word_1_156' title='bbox 983 1860 1075 1917; x_wconf 71' lang='lat' dir='ltr'>regeS,</span> <span class='ocrx_word' id='word_1_157' title='bbox 1091 1851 1204 1916; x_wconf 89' lang='lat' dir='ltr'>sperant</span> 
     </span>
     <span class='ocr_line' id='line_1_20' title="bbox 195 1918 1203 1996; baseline 0.001 -20"><span class='ocrx_word' id='word_1_158' title='bbox 195 1944 198 1948; x_wconf 58' lang='lat'><strong><em>¹</em></strong></span> <span class='ocrx_word' id='word_1_159' title='bbox 229 1920 356 1977; x_wconf 81' lang='lat' dir='ltr'>futurosl</span> <span class='ocrx_word' id='word_1_160' title='bbox 384 1918 452 1976; x_wconf 92' lang='lat' dir='ltr'>Non</span> <span class='ocrx_word' id='word_1_161' title='bbox 473 1918 570 1974; x_wconf 88' lang='lat' dir='ltr'>vident</span> <span class='ocrx_word' id='word_1_162' title='bbox 592 1918 619 1974; x_wconf 93' lang='lat' dir='ltr'>id</span> <span class='ocrx_word' id='word_1_163' title='bbox 641 1937 671 1974; x_wconf 90' lang='lat' dir='ltr'>se</span> <span class='ocrx_word' id='word_1_164' title='bbox 693 1936 809 1993; x_wconf 89' lang='lat' dir='ltr'>cupere,</span> <span class='ocrx_word' id='word_1_165' title='bbox 829 1918 904 1992; x_wconf 92' lang='lat' dir='ltr'>quod</span> <span class='ocrx_word' id='word_1_166' title='bbox 925 1919 949 1975; x_wconf 91' lang='lat' dir='ltr'>si</span> <span class='ocrx_word' id='word_1_167' title='bbox 970 1921 1066 1996; x_wconf 85' lang='lat' dir='ltr'>adepti</span> <span class='ocrx_word' id='word_1_168' title='bbox 1087 1921 1203 1986; x_wconf 79' lang='lat' dir='ltr'>fuerint,</span> 
     </span>
     <span class='ocr_line' id='line_1_21' title="bbox 177 1995 1020 2073; baseline 0 -18"><span class='ocrx_word' id='word_1_169' title='bbox 177 2010 213 2062; x_wconf 80' lang='lat'>20</span> <span class='ocrx_word' id='word_1_170' title='bbox 229 1998 348 2073; x_wconf 82' lang='lat' dir='ltr'>fugitivo</span> <span class='ocrx_word' id='word_1_171' title='bbox 362 1998 448 2055; x_wconf 89' lang='lat' dir='ltr'>alicui</span> <span class='ocrx_word' id='word_1_172' title='bbox 464 2008 513 2053; x_wconf 90' lang='lat' dir='ltr'>aut</span> <span class='ocrx_word' id='word_1_173' title='bbox 526 1995 677 2072; x_wconf 82' lang='lat' dir='ltr'>gladiatori</span> <span class='ocrx_word' id='word_1_174' title='bbox 692 1997 813 2053; x_wconf 85' lang='lat' dir='ltr'>concedi</span> <span class='ocrx_word' id='word_1_175' title='bbox 827 1997 865 2053; x_wconf 85' lang='lat' dir='ltr'>sit</span> <span class='ocrx_word' id='word_1_176' title='bbox 878 2000 1020 2055; x_wconf 84' lang='lat' dir='ltr'>necessel</span> 
     </span>
     <span class='ocr_line' id='line_1_22' title="bbox 267 2075 1204 2153; baseline -0.001 -19"><span class='ocrx_word' id='word_1_177' title='bbox 267 2076 402 2134; x_wconf 88' lang='lat' dir='ltr'>Tertium</span> <span class='ocrx_word' id='word_1_178' title='bbox 416 2096 507 2153; x_wconf 83' lang='lat' dir='ltr'>genus</span> <span class='ocrx_word' id='word_1_179' title='bbox 516 2086 559 2133; x_wconf 90' lang='lat' dir='ltr'>est</span> <span class='ocrx_word' id='word_1_180' title='bbox 568 2086 651 2133; x_wconf 86' lang='lat' dir='ltr'>aetate</span> <span class='ocrx_word' id='word_1_181' title='bbox 662 2076 721 2151; x_wconf 87' lang='lat' dir='ltr'>jam</span> <span class='ocrx_word' id='word_1_182' title='bbox 733 2075 877 2146; x_wconf 82' lang='lat' dir='ltr'>affectum,</span> <span class='ocrx_word' id='word_1_183' title='bbox 892 2077 942 2132; x_wconf 88' lang='lat' dir='ltr'>sed</span> <span class='ocrx_word' id='word_1_184' title='bbox 955 2087 1052 2133; x_wconf 88' lang='lat' dir='ltr'>tamen</span> <span class='ocrx_word' id='word_1_185' title='bbox 1067 2077 1204 2135; x_wconf 85' lang='lat' dir='ltr'>exercita·</span> 
     </span>
     <span class='ocr_line' id='line_1_23' title="bbox 227 2154 1204 2232; baseline 0.001 -19"><span class='ocrx_word' id='word_1_186' title='bbox 227 2156 305 2214; x_wconf 89' lang='lat' dir='ltr'>tione</span> <span class='ocrx_word' id='word_1_187' title='bbox 319 2157 483 2226; x_wconf 89' lang='lat' dir='ltr'>robustum;</span> <span class='ocrx_word' id='word_1_188' title='bbox 504 2174 559 2232; x_wconf 91' lang='lat' dir='ltr'>quo</span> <span class='ocrx_word' id='word_1_189' title='bbox 573 2172 608 2211; x_wconf 87' lang='lat' dir='ltr'>err</span> <span class='ocrx_word' id='word_1_190' title='bbox 625 2174 731 2232; x_wconf 85' lang='lat' dir='ltr'>genere</span> <span class='ocrx_word' id='word_1_191' title='bbox 745 2165 789 2211; x_wconf 89' lang='lat' dir='ltr'>est</span> <span class='ocrx_word' id='word_1_192' title='bbox 813 2155 872 2232; x_wconf 88' lang='lat' dir='ltr'>ipse</span> <span class='ocrx_word' id='word_1_193' title='bbox 895 2154 1032 2227; x_wconf 89' lang='lat' dir='ltr'>Manlius,</span> <span class='ocrx_word' id='word_1_194' title='bbox 1056 2156 1104 2214; x_wconf 92' lang='lat' dir='ltr'>cui</span> <span class='ocrx_word' id='word_1_195' title='bbox 1125 2176 1204 2214; x_wconf 88' lang='lat' dir='ltr'>nunc</span> 
     </span>
     <span class='ocr_line' id='line_1_24' title="bbox 226 2233 1204 2312; baseline -0.002 -18"><span class='ocrx_word' id='word_1_196' title='bbox 226 2236 355 2294; x_wconf 88' lang='lat' dir='ltr'>Catilina</span> <span class='ocrx_word' id='word_1_197' title='bbox 369 2237 506 2293; x_wconf 84' lang='lat' dir='ltr'>succedit.</span> <span class='ocrx_word' id='word_1_198' title='bbox 542 2235 583 2292; x_wconf 94' lang='lat' dir='ltr'>Hi</span> <span class='ocrx_word' id='word_1_199' title='bbox 597 2247 664 2292; x_wconf 87' lang='lat' dir='ltr'>sunt</span> <span class='ocrx_word' id='word_1_200' title='bbox 678 2235 808 2292; x_wconf 86' lang='lat' dir='ltr'>homines</span> <span class='ocrx_word' id='word_1_201' title='bbox 821 2254 857 2292; x_wconf 81' lang='lat' dir='ltr'>ex</span> <span class='ocrx_word' id='word_1_202' title='bbox 871 2235 906 2291; x_wconf 92' lang='lat' dir='ltr'>iis</span> <span class='ocrx_word' id='word_1_203' title='bbox 920 2235 1039 2292; x_wconf 87' lang='lat' dir='ltr'>coloniis</span> <span class='ocrx_word' id='word_1_204' title='bbox 1049 2255 1120 2310; x_wconf 88' lang='lat' dir='ltr'>quas</span> <span class='ocrx_word' id='word_1_205' title='bbox 1136 2233 1204 2312; x_wconf 87' lang='lat' dir='ltr'>[Fe-</span> 
     </span>
     <span class='ocr_line' id='line_1_25' title="bbox 227 2313 1204 2394; baseline -0.002 -22"><span class='ocrx_word' id='word_1_206' title='bbox 227 2315 309 2394; x_wconf 89' lang='lat' dir='ltr'>sulis]</span> <span class='ocrx_word' id='word_1_207' title='bbox 327 2315 408 2372; x_wconf 84' lang='lat' dir='ltr'>Sulla</span> <span class='ocrx_word' id='word_1_208' title='bbox 423 2315 588 2382; x_wconf 90' lang='lat' dir='ltr'>constituit;</span> <span class='ocrx_word' id='word_1_209' title='bbox 610 2334 681 2389; x_wconf 93' lang='lat' dir='ltr'>quas</span> <span class='ocrx_word' id='word_1_210' title='bbox 695 2333 750 2390; x_wconf 83' lang='lat' dir='ltr'>ego</span> <span class='ocrx_word' id='word_1_211' title='bbox 771 2313 918 2370; x_wconf 88' lang='lat' dir='ltr'>universas</span> <span class='ocrx_word' id='word_1_212' title='bbox 940 2314 1046 2371; x_wconf 90' lang='lat' dir='ltr'>civium</span> <span class='ocrx_word' id='word_1_213' title='bbox 1061 2334 1124 2371; x_wconf 88' lang='lat' dir='ltr'>esse</span> <span class='ocrx_word' id='word_1_214' title='bbox 1134 2315 1204 2390; x_wconf 89' lang='lat' dir='ltr'>opti-</span> 
     </span>
     <span class='ocr_line' id='line_1_26' title="bbox 174 2393 1203 2464; baseline -0.005 -10"><span class='ocrx_word' id='word_1_215' title='bbox 174 2399 212 2455; x_wconf 80' lang='lat'>25</span> <span class='ocrx_word' id='word_1_216' title='bbox 227 2411 347 2464; x_wconf 90' lang='lat' dir='ltr'>morum,</span> <span class='ocrx_word' id='word_1_217' title='bbox 363 2404 391 2450; x_wconf 91' lang='lat' dir='ltr'>et</span> <span class='ocrx_word' id='word_1_218' title='bbox 412 2393 627 2450; x_wconf 76' lang='lat' dir='ltr'>fortissimorum</span> <span class='ocrx_word' id='word_1_219' title='bbox 643 2393 777 2462; x_wconf 89' lang='lat' dir='ltr'>virorum,</span> <span class='ocrx_word' id='word_1_220' title='bbox 792 2393 899 2449; x_wconf 90' lang='lat' dir='ltr'>sentio:</span> <span class='ocrx_word' id='word_1_221' title='bbox 921 2393 971 2449; x_wconf 86' lang='lat' dir='ltr'>sed</span> <span class='ocrx_word' id='word_1_222' title='bbox 985 2404 1081 2449; x_wconf 90' lang='lat' dir='ltr'>tamen</span> <span class='ocrx_word' id='word_1_223' title='bbox 1094 2393 1122 2449; x_wconf 91' lang='lat' dir='ltr'>bi</span> <span class='ocrx_word' id='word_1_224' title='bbox 1137 2403 1203 2450; x_wconf 90' lang='lat' dir='ltr'>sunt</span> 
     </span>
     <span class='ocr_line' id='line_1_27' title="bbox 226 2471 1204 2546; baseline -0.001 -18"><span class='ocrx_word' id='word_1_225' title='bbox 226 2471 330 2540; x_wconf 88' lang='lat' dir='ltr'>coloni,</span> <span class='ocrx_word' id='word_1_226' title='bbox 344 2471 393 2545; x_wconf 92' lang='lat' dir='ltr'>qui</span> <span class='ocrx_word' id='word_1_227' title='bbox 408 2490 448 2540; x_wconf 89' lang='lat' dir='ltr'>se,</span> <span class='ocrx_word' id='word_1_228' title='bbox 464 2472 492 2527; x_wconf 90' lang='lat' dir='ltr'>in</span> <span class='ocrx_word' id='word_1_229' title='bbox 508 2471 658 2545; x_wconf 87' lang='lat' dir='ltr'>insperatis</span> <span class='ocrx_word' id='word_1_230' title='bbox 681 2471 894 2545; x_wconf 83' lang='lat' dir='ltr'>repentinisque</span> <span class='ocrx_word' id='word_1_231' title='bbox 917 2471 1057 2546; x_wconf 89' lang='lat' dir='ltr'>pecuniis,</span> <span class='ocrx_word' id='word_1_232' title='bbox 1078 2481 1204 2546; x_wconf 89' lang='lat' dir='ltr'>sumptu-</span> 
     </span>
     <span class='ocr_line' id='line_1_28' title="bbox 225 2546 1203 2625; baseline 0.002 -21"><span class='ocrx_word' id='word_1_233' title='bbox 225 2546 304 2605; x_wconf 79' lang='lat' dir='ltr'>osius</span> <span class='ocrx_word' id='word_1_234' title='bbox 318 2547 542 2624; x_wconf 79' lang='lat' dir='ltr'>insolentiusque</span> <span class='ocrx_word' id='word_1_235' title='bbox 554 2549 709 2623; x_wconf 75' lang='lat' dir='ltr'>jactarunt.</span> <span class='ocrx_word' id='word_1_236' title='bbox 751 2549 802 2619; x_wconf 90' lang='lat' dir='ltr'>Hi,</span> <span class='ocrx_word' id='word_1_237' title='bbox 817 2549 885 2605; x_wconf 94' lang='lat' dir='ltr'>dum</span> <span class='ocrx_word' id='word_1_238' title='bbox 900 2550 1052 2620; x_wconf 69' lang='lat' dir='ltr'>edificant,</span> <span class='ocrx_word' id='word_1_239' title='bbox 1067 2561 1203 2625; x_wconf 89' lang='lat' dir='ltr'>tanquam</span> 
     </span>
     <span class='ocr_line' id='line_1_29' title="bbox 228 2626 1204 2704; baseline 0.004 -23"><span class='ocrx_word' id='word_1_240' title='bbox 228 2626 314 2696; x_wconf 88' lang='lat' dir='ltr'>beati,</span> <span class='ocrx_word' id='word_1_241' title='bbox 324 2627 525 2702; x_wconf 82' lang='lat' dir='ltr'>dumpraediis,</span> <span class='ocrx_word' id='word_1_242' title='bbox 537 2627 659 2697; x_wconf 67' lang='lat' dir='ltr'>lecticis</span> <span class='ocrx_word' id='word_1_243' title='bbox 669 2626 786 2684; x_wconf 76' lang='lat' dir='ltr'>familiis</span> <span class='ocrx_word' id='word_1_244' title='bbox 799 2627 922 2704; x_wconf 84' lang='lat' dir='ltr'>magnis,</span> <span class='ocrx_word' id='word_1_245' title='bbox 936 2629 1074 2686; x_wconf 87' lang='lat' dir='ltr'>conviviis</span> <span class='ocrx_word' id='word_1_246' title='bbox 1088 2648 1204 2704; x_wconf 89' lang='lat' dir='ltr'>appara-</span> 
     </span>
     <span class='ocr_line' id='line_1_30' title="bbox 226 2704 1202 2778; baseline 0.004 -18"><span class='ocrx_word' id='word_1_247' title='bbox 226 2704 272 2773; x_wconf 90' lang='lat' dir='ltr'>tis,</span> <span class='ocrx_word' id='word_1_248' title='bbox 288 2705 477 2774; x_wconf 88' lang='lat' dir='ltr'>delectantur,</span> <span class='ocrx_word' id='word_1_249' title='bbox 493 2705 521 2762; x_wconf 93' lang='lat' dir='ltr'>in</span> <span class='ocrx_word' id='word_1_250' title='bbox 536 2715 647 2763; x_wconf 88' lang='lat' dir='ltr'>tantum</span> <span class='ocrx_word' id='word_1_251' title='bbox 662 2725 701 2764; x_wconf 85' lang='lat' dir='ltr'>aes</span> <span class='ocrx_word' id='word_1_252' title='bbox 716 2706 841 2764; x_wconf 89' lang='lat' dir='ltr'>alienum</span> <span class='ocrx_word' id='word_1_253' title='bbox 856 2707 1029 2778; x_wconf 89' lang='lat' dir='ltr'>inciderunt,</span> <span class='ocrx_word' id='word_1_254' title='bbox 1039 2718 1079 2778; x_wconf 90' lang='lat' dir='ltr'>ut,</span> <span class='ocrx_word' id='word_1_255' title='bbox 1094 2709 1118 2764; x_wconf 90' lang='lat' dir='ltr'>si</span> <span class='ocrx_word' id='word_1_256' title='bbox 1132 2708 1202 2764; x_wconf 88' lang='lat' dir='ltr'>salvi</span> 
     </span>
     <span class='ocr_line' id='line_1_31' title="bbox 176 2783 1202 2854; baseline 0.002 -14"><span class='ocrx_word' id='word_1_257' title='bbox 176 2800 212 2854; x_wconf 85' lang='lat'>30</span> <span class='ocrx_word' id='word_1_258' title='bbox 227 2801 289 2840; x_wconf 87' lang='lat' dir='ltr'>esse</span> <span class='ocrx_word' id='word_1_259' title='bbox 304 2783 400 2854; x_wconf 89' lang='lat' dir='ltr'>velint,</span> <span class='ocrx_word' id='word_1_260' title='bbox 416 2783 497 2841; x_wconf 87' lang='lat' dir='ltr'>Sulla</span> <span class='ocrx_word' id='word_1_261' title='bbox 511 2784 547 2840; x_wconf 91' lang='lat' dir='ltr'>sit</span> <span class='ocrx_word' id='word_1_262' title='bbox 569 2784 604 2841; x_wconf 89' lang='lat' dir='ltr'>iis</span> <span class='ocrx_word' id='word_1_263' title='bbox 627 2785 663 2842; x_wconf 90' lang='lat' dir='ltr'>ab</span> <span class='ocrx_word' id='word_1_264' title='bbox 693 2784 793 2842; x_wconf 74' lang='lat' dir='ltr'>inferis</span> <span class='ocrx_word' id='word_1_265' title='bbox 813 2786 991 2843; x_wconf 82' lang='lat' dir='ltr'>excitandus.</span> <span class='ocrx_word' id='word_1_266' title='bbox 1032 2786 1095 2846; x_wconf 80' lang='lat' dir='ltr'>Qui</span> <span class='ocrx_word' id='word_1_267' title='bbox 1115 2787 1202 2844; x_wconf 89' lang='lat' dir='ltr'>etiam</span> 
     </span>
     <span class='ocr_line' id='line_1_32' title="bbox 227 2862 1203 2941; baseline 0.004 -23"><span class='ocrx_word' id='word_1_268' title='bbox 227 2862 378 2920; x_wconf 92' lang='lat' dir='ltr'>nonnullos</span> <span class='ocrx_word' id='word_1_269' title='bbox 401 2874 536 2940; x_wconf 83' lang='lat' dir='ltr'>agrestes,</span> <span class='ocrx_word' id='word_1_270' title='bbox 559 2864 688 2921; x_wconf 84' lang='lat' dir='ltr'>homines</span> <span class='ocrx_word' id='word_1_271' title='bbox 710 2873 811 2922; x_wconf 91' lang='lat' dir='ltr'>tenues</span> <span class='ocrx_word' id='word_1_272' title='bbox 832 2875 916 2938; x_wconf 91' lang='lat' dir='ltr'>atque</span> <span class='ocrx_word' id='word_1_273' title='bbox 936 2875 1063 2941; x_wconf 69' lang='lat' dir='ltr'>egentes</span> <span class='ocrx_word' id='word_1_274' title='bbox 1086 2866 1115 2923; x_wconf 90' lang='lat' dir='ltr'>in</span> <span class='ocrx_word' id='word_1_275' title='bbox 1137 2885 1203 2922; x_wconf 90' lang='lat' dir='ltr'>ean·</span> 
     </span>
     <span class='ocr_line' id='line_1_33' title="bbox 227 2941 1203 3020; baseline 0.003 -22"><span class='ocrx_word' id='word_1_276' title='bbox 227 2941 292 2998; x_wconf 86' lang='lat' dir='ltr'>dem</span> <span class='ocrx_word' id='word_1_277' title='bbox 308 2941 385 2998; x_wconf 85' lang='lat' dir='ltr'>illam</span> <span class='ocrx_word' id='word_1_278' title='bbox 400 2962 478 3017; x_wconf 86' lang='lat' dir='ltr'>spem</span> <span class='ocrx_word' id='word_1_279' title='bbox 493 2943 656 3020; x_wconf 86' lang='lat' dir='ltr'>rapinarum</span> <span class='ocrx_word' id='word_1_280' title='bbox 678 2953 807 3001; x_wconf 81' lang='lat' dir='ltr'>veterum</span> <span class='ocrx_word' id='word_1_281' title='bbox 829 2943 1010 3019; x_wconf 90' lang='lat' dir='ltr'>impulerunt.</span> <span class='ocrx_word' id='word_1_282' title='bbox 1051 2943 1136 3005; x_wconf 82' lang='lat' dir='ltr'>Quos</span> <span class='ocrx_word' id='word_1_283' title='bbox 1149 2964 1203 3020; x_wconf 88' lang='lat' dir='ltr'>ego</span> 
     </span>
     <span class='ocr_line' id='line_1_34' title="bbox 226 3022 1203 3098; baseline 0.003 -22"><span class='ocrx_word' id='word_1_284' title='bbox 226 3030 369 3096; x_wconf 89' lang='lat' dir='ltr'>utrosque,</span> <span class='ocrx_word' id='word_1_285' title='bbox 378 3022 520 3094; x_wconf 75' lang='lat' dir='ltr'>Quirites,</span> <span class='ocrx_word' id='word_1_286' title='bbox 535 3023 565 3080; x_wconf 90' lang='lat' dir='ltr'>in</span> <span class='ocrx_word' id='word_1_287' title='bbox 580 3023 681 3080; x_wconf 90' lang='lat' dir='ltr'>eodem</span> <span class='ocrx_word' id='word_1_288' title='bbox 695 3042 802 3098; x_wconf 85' lang='lat' dir='ltr'>genere</span> <span class='ocrx_word' id='word_1_289' title='bbox 815 3023 1004 3097; x_wconf 78' lang='lat' dir='ltr'>praedatorum</span> <span class='ocrx_word' id='word_1_290' title='bbox 1018 3023 1203 3098; x_wconf 84' lang='lat' dir='ltr'>direptorum-</span> 
     </span>
     <span class='ocr_line' id='line_1_35' title="bbox 225 3101 1203 3178; baseline 0.002 -21"><span class='ocrx_word' id='word_1_291' title='bbox 225 3119 281 3174; x_wconf 91' lang='lat' dir='ltr'>que</span> <span class='ocrx_word' id='word_1_292' title='bbox 295 3120 376 3175; x_wconf 91' lang='lat' dir='ltr'>pono.</span> <span class='ocrx_word' id='word_1_293' title='bbox 412 3102 471 3158; x_wconf 86' lang='lat' dir='ltr'>Sed</span> <span class='ocrx_word' id='word_1_294' title='bbox 485 3121 533 3160; x_wconf 85' lang='lat' dir='ltr'>eos</span> <span class='ocrx_word' id='word_1_295' title='bbox 548 3103 602 3160; x_wconf 92' lang='lat' dir='ltr'>hoc</span> <span class='ocrx_word' id='word_1_296' title='bbox 616 3121 735 3159; x_wconf 88' lang='lat' dir='ltr'>moneo:</span> <span class='ocrx_word' id='word_1_297' title='bbox 756 3101 889 3158; x_wconf 90' lang='lat' dir='ltr'>desinant</span> <span class='ocrx_word' id='word_1_298' title='bbox 904 3101 1007 3172; x_wconf 84' lang='lat' dir='ltr'>furere,</span> <span class='ocrx_word' id='word_1_299' title='bbox 1018 3120 1052 3158; x_wconf 90' lang='lat' dir='ltr'>ac</span> <span class='ocrx_word' id='word_1_300' title='bbox 1066 3103 1203 3178; x_wconf 88' lang='lat' dir='ltr'>proscrip-</span> 
     </span>
     <span class='ocr_line' id='line_1_36' title="bbox 107 3179 1202 3256; baseline 0.003 -21"><span class='ocrx_word' id='word_1_301' title='bbox 107 3186 109 3189; x_wconf 83' lang='lat'>&#39;</span> <span class='ocrx_word' id='word_1_302' title='bbox 176 3193 211 3247; x_wconf 87' lang='lat'>35</span> <span class='ocrx_word' id='word_1_303' title='bbox 226 3179 318 3236; x_wconf 90' lang='lat' dir='ltr'>tiones</span> <span class='ocrx_word' id='word_1_304' title='bbox 327 3191 355 3236; x_wconf 89' lang='lat' dir='ltr'>et</span> <span class='ocrx_word' id='word_1_305' title='bbox 364 3181 521 3236; x_wconf 90' lang='lat' dir='ltr'>dictaturas</span> <span class='ocrx_word' id='word_1_306' title='bbox 530 3181 664 3256; x_wconf 84' lang='lat' dir='ltr'>cogitare.</span> <span class='ocrx_word' id='word_1_307' title='bbox 707 3179 822 3236; x_wconf 87' lang='lat' dir='ltr'>Tantus</span> <span class='ocrx_word' id='word_1_308' title='bbox 830 3179 908 3237; x_wconf 89' lang='lat' dir='ltr'>euim</span> <span class='ocrx_word' id='word_1_309' title='bbox 918 3179 1029 3236; x_wconf 91' lang='lat' dir='ltr'>illorum</span> <span class='ocrx_word' id='word_1_310' title='bbox 1043 3190 1202 3256; x_wconf 89' lang='lat' dir='ltr'>temporum</span> 
     </span>
     <span class='ocr_line' id='line_1_37' title="bbox 226 3257 1201 3330; baseline 0.003 -17"><span class='ocrx_word' id='word_1_311' title='bbox 226 3257 303 3315; x_wconf 95' lang='lat' dir='ltr'>dolor</span> <span class='ocrx_word' id='word_1_312' title='bbox 319 3259 430 3314; x_wconf 89' lang='lat' dir='ltr'>inustus</span> <span class='ocrx_word' id='word_1_313' title='bbox 443 3268 486 3315; x_wconf 89' lang='lat' dir='ltr'>est</span> <span class='ocrx_word' id='word_1_314' title='bbox 500 3259 619 3326; x_wconf 89' lang='lat' dir='ltr'>civitati,</span> <span class='ocrx_word' id='word_1_315' title='bbox 633 3268 664 3313; x_wconf 91' lang='lat' dir='ltr'>ut</span> <span class='ocrx_word' id='word_1_316' title='bbox 674 3257 734 3330; x_wconf 89' lang='lat' dir='ltr'>jam</span> <span class='ocrx_word' id='word_1_317' title='bbox 750 3257 805 3313; x_wconf 88' lang='lat' dir='ltr'>ista</span> <span class='ocrx_word' id='word_1_318' title='bbox 824 3275 881 3313; x_wconf 90' lang='lat' dir='ltr'>non</span> <span class='ocrx_word' id='word_1_319' title='bbox 895 3257 980 3314; x_wconf 82' lang='lat' dir='ltr'>modb</span> <span class='ocrx_word' id='word_1_320' title='bbox 995 3259 1136 3329; x_wconf 89' lang='lat' dir='ltr'>homines,</span> <span class='ocrx_word' id='word_1_321' title='bbox 1151 3261 1201 3316; x_wconf 87' lang='lat' dir='ltr'>sed</span> 
     </span>
     <span class='ocr_line' id='line_1_38' title="bbox 225 3334 1003 3410; baseline -0.003 -17"><span class='ocrx_word' id='word_1_322' title='bbox 225 3355 263 3392; x_wconf 88' lang='lat' dir='ltr'>ue</span> <span class='ocrx_word' id='word_1_323' title='bbox 276 3337 402 3410; x_wconf 88' lang='lat' dir='ltr'>pecudes</span> <span class='ocrx_word' id='word_1_324' title='bbox 415 3335 531 3408; x_wconf 86' lang='lat' dir='ltr'>quidem</span> <span class='ocrx_word' id='word_1_325' title='bbox 546 3334 615 3390; x_wconf 91' lang='lat' dir='ltr'>mihi</span> <span class='ocrx_word' id='word_1_326' title='bbox 629 3353 754 3408; x_wconf 70' lang='lat' dir='ltr'>passuras</span> <span class='ocrx_word' id='word_1_327' title='bbox 768 3353 831 3390; x_wconf 88' lang='lat' dir='ltr'>esse</span> <span class='ocrx_word' id='word_1_328' title='bbox 845 3335 1003 3392; x_wconf 83' lang='lat' dir='ltr'>videantur.</span> 
     </span>
     <span class='ocr_line' id='line_1_39' title="bbox 264 3408 1202 3487; baseline -0.001 -18"><span class='ocrx_word' id='word_1_329' title='bbox 264 3415 303 3472; x_wconf 61' lang='lat' dir='ltr'>Xe.</span> <span class='ocrx_word' id='word_1_330' title='bbox 332 3413 477 3474; x_wconf 80' lang='lat' dir='ltr'>Quartum</span> <span class='ocrx_word' id='word_1_331' title='bbox 493 3430 584 3487; x_wconf 87' lang='lat' dir='ltr'>genus</span> <span class='ocrx_word' id='word_1_332' title='bbox 597 3422 640 3467; x_wconf 91' lang='lat' dir='ltr'>est</span> <span class='ocrx_word' id='word_1_333' title='bbox 654 3408 724 3466; x_wconf 73' lang='lat' dir='ltr'>saue</span> <span class='ocrx_word' id='word_1_334' title='bbox 739 3411 860 3480; x_wconf 83' lang='lat' dir='ltr'>varium,</span> <span class='ocrx_word' id='word_1_335' title='bbox 874 3422 904 3468; x_wconf 90' lang='lat' dir='ltr'>et</span> <span class='ocrx_word' id='word_1_336' title='bbox 916 3413 1047 3482; x_wconf 82' lang='lat' dir='ltr'>mixtum,</span> <span class='ocrx_word' id='word_1_337' title='bbox 1062 3423 1091 3468; x_wconf 89' lang='lat' dir='ltr'>et</span> <span class='ocrx_word' id='word_1_338' title='bbox 1103 3414 1202 3469; x_wconf 92' lang='lat' dir='ltr'>turbu-</span> 
     </span>
     <span class='ocr_line' id='line_1_40' title="bbox 225 3488 1199 3567; baseline -0.002 -19"><span class='ocrx_word' id='word_1_339' title='bbox 225 3492 350 3560; x_wconf 83' lang='lat' dir='ltr'>lentum3</span> <span class='ocrx_word' id='word_1_340' title='bbox 372 3491 418 3566; x_wconf 94' lang='lat' dir='ltr'>qui</span> <span class='ocrx_word' id='word_1_341' title='bbox 432 3488 602 3567; x_wconf 89' lang='lat' dir='ltr'>jampridem</span> <span class='ocrx_word' id='word_1_342' title='bbox 610 3499 794 3564; x_wconf 82' lang='lat' dir='ltr'>premuntur3</span> <span class='ocrx_word' id='word_1_343' title='bbox 815 3489 863 3563; x_wconf 93' lang='lat' dir='ltr'>qui</span> <span class='ocrx_word' id='word_1_344' title='bbox 879 3501 1199 3565; x_wconf 79' lang='lat' dir='ltr'>nunquamemergent3</span> 
     </span>
     <span class='ocr_line' id='line_1_41' title="bbox 180 3564 1201 3646; baseline -0.006 -15"><span class='ocrx_word' id='word_1_345' title='bbox 180 3579 210 3632; x_wconf 82' lang='grc'>10</span> <span class='ocrx_word' id='word_1_346' title='bbox 226 3572 284 3646; x_wconf 91' lang='lat' dir='ltr'>qui,</span> <span class='ocrx_word' id='word_1_347' title='bbox 293 3571 396 3646; x_wconf 92' lang='lat' dir='ltr'>partim</span> <span class='ocrx_word' id='word_1_348' title='bbox 411 3568 524 3637; x_wconf 69' lang='lat' dir='ltr'>inertia,</span> <span class='ocrx_word' id='word_1_349' title='bbox 534 3567 636 3643; x_wconf 88' lang='lat' dir='ltr'>partim</span> <span class='ocrx_word' id='word_1_350' title='bbox 650 3564 725 3622; x_wconf 74' lang='lat' dir='ltr'>male</span> <span class='ocrx_word' id='word_1_351' title='bbox 736 3567 862 3643; x_wconf 86' lang='lat' dir='ltr'>gerendo</span> <span class='ocrx_word' id='word_1_352' title='bbox 869 3569 993 3644; x_wconf 87' lang='lat' dir='ltr'>negotio,</span> <span class='ocrx_word' id='word_1_353' title='bbox 1002 3568 1104 3643; x_wconf 86' lang='lat' dir='ltr'>partim</span> <span class='ocrx_word' id='word_1_354' title='bbox 1114 3568 1201 3625; x_wconf 85' lang='lat' dir='ltr'>etiam</span> 
     </span>
     <span class='ocr_line' id='line_1_42' title="bbox 226 3645 1201 3724; baseline -0.002 -19"><span class='ocrx_word' id='word_1_355' title='bbox 226 3650 394 3724; x_wconf 90' lang='lat' dir='ltr'>sumptibus,</span> <span class='ocrx_word' id='word_1_356' title='bbox 410 3649 438 3706; x_wconf 93' lang='lat' dir='ltr'>in</span> <span class='ocrx_word' id='word_1_357' title='bbox 462 3659 556 3706; x_wconf 90' lang='lat' dir='ltr'>vetere</span> <span class='ocrx_word' id='word_1_358' title='bbox 578 3665 633 3703; x_wconf 88' lang='lat' dir='ltr'>aere</span> <span class='ocrx_word' id='word_1_359' title='bbox 657 3645 751 3702; x_wconf 90' lang='lat' dir='ltr'>alieno</span> <span class='ocrx_word' id='word_1_360' title='bbox 772 3645 923 3708; x_wconf 85' lang='lat' dir='ltr'>vacillant:</span> <span class='ocrx_word' id='word_1_361' title='bbox 944 3647 1003 3721; x_wconf 94' lang='lat' dir='ltr'>qui,</span> <span class='ocrx_word' id='word_1_362' title='bbox 1020 3647 1201 3717; x_wconf 85' lang='lat' dir='ltr'>vadimoniis,</span> 
     </span>
     <span class='ocr_line' id='line_1_43' title="bbox 231 3725 1200 3802; baseline 0.001 -21"><span class='ocrx_word' id='word_1_363' title='bbox 231 3727 357 3800; x_wconf 64' lang='lat' dir='ltr'>judiciis</span> <span class='ocrx_word' id='word_1_364' title='bbox 372 3725 624 3802; x_wconf 80' lang='lat' dir='ltr'>proscriptionibus</span> <span class='ocrx_word' id='word_1_365' title='bbox 639 3725 786 3794; x_wconf 92' lang='lat' dir='ltr'>bonorum,</span> <span class='ocrx_word' id='word_1_366' title='bbox 801 3725 960 3802; x_wconf 78' lang='lat' dir='ltr'>defatigati,</span> <span class='ocrx_word' id='word_1_367' title='bbox 973 3726 1106 3801; x_wconf 90' lang='lat' dir='ltr'>permulti</span> <span class='ocrx_word' id='word_1_368' title='bbox 1123 3737 1153 3782; x_wconf 90' lang='lat' dir='ltr'>et</span> <span class='ocrx_word' id='word_1_369' title='bbox 1166 3745 1200 3782; x_wconf 83' lang='lat' dir='ltr'>ex</span> 
     </span>
    </p>
   </div>
   <div class='ocr_carea' id='block_1_3' title="bbox 226 3802 1202 3958">
    <p class='ocr_par' dir='ltr' id='par_1_3' title="bbox 226 3802 1202 3958">
     <span class='ocr_line' id='line_1_44' title="bbox 227 3802 1201 3882; baseline 0.002 -22"><span class='ocrx_word' id='word_1_370' title='bbox 227 3802 304 3860; x_wconf 91' lang='lat' dir='ltr'>Urbe</span> <span class='ocrx_word' id='word_1_371' title='bbox 318 3815 395 3862; x_wconf 84' lang='lat' dir='ltr'>etex</span> <span class='ocrx_word' id='word_1_372' title='bbox 410 3806 485 3882; x_wconf 85' lang='lat' dir='ltr'>agris</span> <span class='ocrx_word' id='word_1_373' title='bbox 500 3826 530 3863; x_wconf 91' lang='lat' dir='ltr'>se</span> <span class='ocrx_word' id='word_1_374' title='bbox 545 3806 574 3863; x_wconf 89' lang='lat' dir='ltr'>iu</span> <span class='ocrx_word' id='word_1_375' title='bbox 590 3805 638 3861; x_wconf 92' lang='lat' dir='ltr'>illa</span> <span class='ocrx_word' id='word_1_376' title='bbox 652 3813 747 3861; x_wconf 90' lang='lat' dir='ltr'>castra</span> <span class='ocrx_word' id='word_1_377' title='bbox 769 3803 899 3861; x_wconf 84' lang='lat' dir='ltr'>conferre</span> <span class='ocrx_word' id='word_1_378' title='bbox 916 3805 1060 3862; x_wconf 88' lang='lat' dir='ltr'>dicuutur.</span> <span class='ocrx_word' id='word_1_379' title='bbox 1102 3805 1201 3862; x_wconf 88' lang='lat' dir='ltr'>Hosce</span> 
     </span>
     <span class='ocr_line' id='line_1_45' title="bbox 226 3881 1202 3958; baseline 0.004 -20"><span class='ocrx_word' id='word_1_380' title='bbox 226 3901 280 3958; x_wconf 86' lang='lat' dir='ltr'>ego</span> <span class='ocrx_word' id='word_1_381' title='bbox 306 3901 363 3940; x_wconf 89' lang='lat' dir='ltr'>uon</span> <span class='ocrx_word' id='word_1_382' title='bbox 390 3892 449 3940; x_wconf 93' lang='lat' dir='ltr'>tam</span> <span class='ocrx_word' id='word_1_383' title='bbox 476 3884 581 3941; x_wconf 88' lang='lat' dir='ltr'>milites</span> <span class='ocrx_word' id='word_1_384' title='bbox 603 3901 694 3956; x_wconf 86' lang='lat' dir='ltr'>acres,</span> <span class='ocrx_word' id='word_1_385' title='bbox 716 3881 803 3958; x_wconf 73' lang='lat' dir='ltr'>quam</span> <span class='ocrx_word' id='word_1_386' title='bbox 824 3883 999 3943; x_wconf 88' lang='lat' dir='ltr'>inficiatores</span> <span class='ocrx_word' id='word_1_387' title='bbox 1019 3884 1121 3957; x_wconf 89' lang='lat' dir='ltr'>lentos,</span> <span class='ocrx_word' id='word_1_388' title='bbox 1138 3903 1202 3942; x_wconf 88' lang='lat' dir='ltr'>esse</span> 
     </span>
    </p>
   </div>
   <div class='ocr_carea' id='block_1_4' title="bbox 0 0 1392 4425">
    <p class='ocr_par' dir='ltr' id='par_1_4' title="bbox 0 0 1392 4425">
     <span class='ocr_line' id='line_1_46' title="bbox 0 0 1392 4425; baseline 0 0"><span class='ocrx_word' id='word_1_389' title='bbox 0 0 1392 4425; x_wconf 95' lang='lat' dir='ltr'> </span> 
     </span>
    </p>
   </div>
  </div>
 </body>
</html>
