2775 4425
183 385 241 444 128
430 381 567 466 onemo
589 381 659 432 ιιιο
681 383 713 432 T.
736 381 850 432 anuto
873 383 1024 434 ursona

269 527 358 584 Ome
373 526 567 585 miseruml
581 527 744 584 infelicem!
786 526 1223 606 Revocaretumempatriam,

230 605 312 676 Milo,
327 606 442 682 potuisti
455 625 505 682 per
521 607 587 663 hos.
609 626 663 682 ego
677 618 706 663 te
725 606 754 662 in
776 606 868 681 patria
891 626 941 682 per
956 609 1072 665 eosdem
1095 609 1223 668 retinere

230 706 286 744 non
301 687 418 762 poterol
458 685 541 746 Quid
555 685 733 760 respondebo
752 685 850 741 liberis
870 686 942 742 meis
945 686 1015 761 ,qui
1029 698 1059 744 te
1072 700 1222 779 parentem

231 766 350 822 alterum
364 765 488 841 putantl
510 764 577 838 quid
593 765 655 835 tibi,
668 763 709 824 Q
726 764 821 834 frater,
836 764 884 839 qui
908 783 987 822 nunc
1002 766 1080 837 abes,
1096 768 1221 826 consorti

197 849 215 901 5
231 863 345 901 mecum
359 854 517 918 temporum
534 843 665 900 illoruml
687 862 733 899 me
747 863 803 900 non
826 842 952 918 potuisse
966 844 1085 902 Milonis
1098 845 1221 904 salutem

230 923 304 980 tueri
322 942 372 999 per
396 923 521 993 eosdem,
542 941 592 998 per
615 941 686 996 quos
710 931 835 979 nostram
856 922 904 979 ille
925 924 1088 982 servassent
1129 925 1199 982 At
1192 945 1222 982 m

230 1021 287 1077 qua
302 1003 390 1060 causa
405 1021 462 1059 non
475 968 624 1076 poluisse?
646 1011 767 1076 quaeest
787 1011 868 1076 grata
889 1002 1031 1076 gentibus
1074 1004 1101 1060 Α
1116 1004 1222 1100 quibus

230 1101 286 1138 non
301 1081 448 1157 potuisset
470 1079 538 1137 ab''
522 1099 555 1136 us
559 1099 628 1154 ,qur
622 1078 812 1168 maximdP.
824 1079 920 1137 Clodii
934 1092 1025 1139 morte
1039 1082 1220 1156 acquidrunt

228 1160 300 1221 Quo
313 1160 508 1235 deprecante?
529 1177 584 1216 me.
637 1167 652 1190 ⁸

182 1243 216 1295 10
253 1239 427 1301 Quodnam
441 1257 496 1314 ego
510 1237 630 1313 concepi
644 1247 756 1295 tantum
771 1237 876 1307 scelus,
892 1248 941 1295 aut
956 1238 1059 1313 quod
1052 1259 1082 1296 m
1096 1259 1143 1297 me
1157 1250 1222 1298 tan·
1262 1282 1266 1286 Α

230 1333 290 1376 turn
307 1317 419 1374 lacinus
435 1316 548 1388 admisi,
557 1317 682 1393 judices,
697 1315 764 1375 cum
779 1316 829 1373 illa
842 1316 952 1375 iudicia
966 1318 1126 1375 communis
1140 1320 1222 1376 exitii

231 1397 376 1474 indagavi,
389 1395 523 1474 patefeci,
538 1395 651 1473 protuli,
666 1395 812 1453 exstinxit
853 1394 966 1454 Omnes
980 1397 1010 1454 in
1024 1416 1071 1455 me
1084 1417 1222 1473 meosque

230 1478 448 1534 redundantes
469 1475 546 1533 fonte
577 1475 627 1533 illo
645 1476 765 1532 dolores.
812 1474 896 1534 Quid
924 1494 970 1532 me
997 1475 1135 1534 reducem
1155 1482 1246 1535 csse

230 1556 378 1614 voluistisl
400 1575 435 1612 an
461 1565 502 1624 ut,
525 1555 705 1629 inspectante
727 1572 784 1624 me,
808 1553 1018 1628 expellerentur
1033 1554 1053 1611 ii
1057 1575 1128 1632 ,per
1149 1576 1221 1631 quos

182 1635 215 1688 15
230 1654 321 1693 essem
338 1599 505 1693 restitutusl
546 1632 654 1704 Nolite,
668 1633 789 1691 obsecro
803 1652 862 1702 vos,
876 1633 945 1708 pati,
955 1633 1025 1691 mihi
1042 1601 1219 1693 acerbiorem

230 1714 353 1772 reditum
368 1733 431 1770 esse
434 1711 541 1787 ,quim
566 1710 652 1768 fuerit
666 1711 736 1769 ille
729 1731 789 1787 ipse
809 1711 961 1769 discessus
985 1712 1080 1770 Nam
1095 1713 1144 1788 qui
1158 1735 1223 1790 pos-

229 1811 292 1849 sum
307 1803 407 1866 putare
422 1811 468 1848 me
483 1790 645 1849 restitutum
666 1809 740 1861 esse,
754 1789 779 1846 si
803 1790 944 1850 distrahor
959 1792 1054 1848 abiis
1056 1813 1129 1902 ,per
1149 1813 1222 1870 quos

229 1871 376 1928 restitutus
391 1888 453 1926 sum
464 1871 476 1926 l

268 1947 450 2006 XXXVIII
491 1947 609 2006 Utinam
624 1947 674 2005 Dii
696 1947 870 2006 immortales
891 1949 1037 2022 fecissent,
1053 1949 1141 2027 (pace
1156 1953 1220 2023 tua,

178 2035 214 2089 20
228 2027 330 2105 patria,
345 2027 482 2085 dixerim:
504 2037 601 2085 metuo
614 2027 703 2098 enim,
718 2047 755 2084 ne
766 2028 906 2086 scelerate
926 2029 1053 2087 dicam
1046 2049 1075 2086 m
1090 2040 1118 2087 te
1121 1998 1221 2121 ,quod

228 2128 279 2186 pro
293 2107 403 2165 Milone
417 2107 514 2165 dicam
537 2106 583 2183 pid
597 2109 618 2187 :)
641 2107 752 2164 utinam
774 2107 805 2164 P.
820 2107 941 2165 Clodius
960 2128 1017 2166 non
1038 2111 1124 2167 modo
1146 2111 1221 2167 vive·

229 2199 282 2261 ret,
297 2189 348 2247 sed
361 2187 447 2247 etiam
462 2197 573 2264 pretor,
585 2187 696 2257 consul,
711 2186 842 2258 dictator,
857 2199 932 2245 esset
945 2185 1049 2265 potius,
1064 2207 1150 2264 quam
1165 2190 1220 2248 hoc

229 2270 426 2346 spectaculum
441 2268 601 2325 viderem.
616 2267 645 2324 Ο
660 2234 710 2324 Dii
725 2266 915 2324 immortales!
939 2268 1049 2339 fortem,
1061 2280 1090 2374 qt
1105 2270 1219 2342 euobis,

226 2349 349 2439 judices,
375 2348 601 2406 conservandum
624 2346 732 2404 virum!
755 2344 920 2417 “MinIme,
934 2346 1074 2417 minime,'
1076 2348 1219 2439 'inquit·

177 2432 213 2485 25
230 2428 267 2461 “
261 2447 348 2484 immo
361 2425 428 2483 verb
443 2445 543 2501 poenas
558 2426 605 2483 ille
626 2426 738 2483 debitas
758 2424 861 2495 luerit;
882 2445 934 2483 nos
954 2393 1155 2498 subeamus,
1133 2447 1157 2483 ει
1179 2428 1218 2486 ιιι

212 2524 347 2563 necesse
358 2514 479 2573 estsnon
491 2504 630 2561 debitas?
667 2503 831 2562 Hrcome
805 2524 848 2561 ιιι
851 2505 967 2580 ,patriae
975 2515 1061 2562 natus
1063 2525 1217 2580 ,usquam,

227 2583 283 2642 nisi
305 2582 333 2639 in
356 2582 458 2672 patria,
480 2582 638 2639 morieturl
669 2592 729 2653 aut,
744 2583 767 2640 si
790 2581 873 2653 forte,
892 2603 944 2660 pro
963 2584 1080 2661 patridl
1122 2585 1219 2662 Hujus

226 2682 276 2720 vos
290 2661 378 2717 animi
400 2672 585 2718 monumenta
606 2629 782 2732 retinebitis3
805 2662 929 2738 corporis
950 2662 979 2720 in
1001 2662 1086 2720 ltalia
1107 2665 1218 2723 nullum

227 2740 389 2817 sepulcrum
411 2759 474 2797 esse
494 2739 665 2816 patieminil
720 2740 810 2799 Hunc
830 2741 882 2798 suti
903 2742 1059 2821 quisquam
1074 2744 1218 2801 sententia

175 2827 211 2880 30
227 2840 262 2878 ex
277 2821 332 2877 hac
347 2820 417 2877 urbe
441 2820 573 2895 expellet,
588 2838 672 2894 quem
687 2839 788 2877 omnes
807 2821 893 2877 urbes
895 2806 1065 2897 ,expulsum
1090 2841 1107 2878 ιι
1127 2824 1218 2895 vobis,

228 2900 263 2972 ad
279 2918 309 2957 se
323 2900 486 2957 vocabunt?
528 2898 557 2956 Ο
577 2909 683 2956 terram
708 2899 785 2956 illam
800 2867 914 2956 beatam
918 2918 1003 2975 ,quae
1025 2900 1149 2958 hunc
1124 2920 1217 2959 virum

227 2978 388 3055 exceperit!
413 2978 510 3036 hanc
504 2989 655 3055 ingratam,
671 2977 694 3034 si
709 2978 845 3054 ejecerit!
867 2978 1011 3049 miseram,
1026 2978 1050 3035 si
1072 2980 1216 3039 amiserit!

227 3060 285 3116 Sed
301 3058 365 3116 finis
380 3057 424 3115 sit.
437 3059 442 3067 ’
466 3057 571 3132 Neque
593 3056 680 3128 enim,
695 3076 753 3134 prce
767 3057 912 3133 lacrymis,
923 3057 983 3133 jam
994 3058 1070 3132 loqui
1086 3079 1217 3134 possum;

163 3156 166 3163 ’
226 3150 254 3196 et
270 3138 317 3195 hic
332 3157 362 3195 se
383 3137 518 3213 lacrymis
540 3136 655 3195 defendi
680 3146 765 3194 vetat.
808 3138 867 3195 Vos
889 3155 949 3207 oro,
962 3137 1219 3215 obtestorque-ju-

176 3222 209 3274 35
226 3218 316 3288 dices,
331 3227 372 3287 ut,
387 3216 416 3273 in
428 3216 578 3273 sententiis
602 3216 737 3286 serendis,
762 3217 836 3289 quod
861 3215 1000 3286 sentietis,
1026 3216 1054 3272 id
1077 3218 1216 3283 audeatis

226 3298 361 3354 Vestram
386 3295 537 3365 virtutem,
549 3294 701 3370 J'ustitiam,
727 3295 823 3365 Iidem,
847 3293 932 3368 (mihi
953 3295 1077 3373 credite)
1101 3295 1126 3352 is
1139 3314 1208 3355 max

195 3394 200 3409 ¹
227 3375 283 3434 imd
298 3375 440 3451 probabit,
454 3374 514 3447 qui,
529 3373 558 3431 in
580 3373 728 3450 judicibus
748 3373 888 3449 legendis,
902 3373 1040 3451 optImum
1062 3385 1092 3431 et
1104 3376 1205 3452 sapien

221 3454 367 3533 ¹tissimum
381 3464 410 3513 ct
425 3452 608 3511 fortissimum
624 3471 766 3528 quemque
780 3453 859 3530 legit.
