2775 4425
203 350 244 409 ω
288 310 295 322 ’
486 344 622 395 οιιΑΤιο
646 343 715 392 rao
737 342 775 393 u.
798 341 1006 392 unacsmo

252 487 420 564 tantbmque
442 490 531 560 abest,
546 498 578 547 ut
598 486 723 561 aliquam
744 486 847 544 bonam
868 484 991 575 gratiam
1011 448 1082 540 mihi
1102 484 1247 572 quesisse

254 568 360 639 videar,
375 579 406 625 ut
420 569 524 626 multas
547 567 634 624 etiam
662 566 831 635 simultates,
844 565 948 653 partim
966 564 1114 632 obscuras,
1135 562 1246 637 partim

254 658 375 723 apertas,
390 646 558 723 intelligam,
574 644 643 702 mihi
658 664 715 702 non
730 643 918 713 necessarias,
933 642 1013 700 vobis
1033 661 1089 698 non
1107 608 1244 710 inutiles,

253 726 420 801 suscepisse.
463 726 521 782 Sed
536 744 590 801 ego
611 742 666 794 me,
691 724 747 780 hoc
767 724 874 780 honore
893 722 1054 797 praeditum,
1069 720 1157 776 tantis
1179 739 1246 775 ves-

221 808 238 859 5
253 804 304 861 tris
319 804 466 862 beneficiis
481 804 626 873 affectum,
641 800 738 872 statui,
758 801 901 871 Quirites,
916 813 1039 857 vestram
1053 799 1244 867 voluntatem,

253 894 283 940 et
305 882 487 971 reipublicae
502 880 681 958 dignitatem,
708 889 738 937 et
764 880 885 937 salutem
915 877 1126 955 provinciarum
1154 887 1246 950 atque

254 960 405 1032 sociorum,
433 961 504 1018 meis
531 959 663 1018 omnibus
690 957 848 1016 commodis
867 967 896 1015 et
926 956 1084 1014 rationibus
1106 955 1245 1031 praeferre

253 1050 390 1115 oportere.

632 1437 862 1517 ORATIO

374 1652 518 1729 PRO
563 1652 633 1727 M.
677 1650 1120 1727 MARCELLO.

291 1996 321 2046 -1,
363 1987 522 2047 Druruam
553 1986 669 2059 silentii,
690 1988 792 2045 Patres
812 1987 985 2064 Conscripti,
1007 2005 1063 2062 quo
1093 2006 1172 2044 eram
1199 1986 1249 2042 lns

210 2070 244 2124 10
257 2068 431 2143 temporibus
445 2086 523 2138 usus,
538 2086 593 2125 non
610 2066 711 2124 timore
725 2066 829 2139 aliquo,
843 2068 894 2123 sed
908 2066 1011 2143 partim
1025 2067 1130 2136 dolore,
1140 2065 1248 2141 partim

258 2146 442 2218 verecundia,
457 2146 544 2203 finem
565 2145 720 2203 hodiernus
740 2145 801 2202 dies
823 2146 933 2216 attulit;
965 2145 1099 2221 idemque
1120 2144 1247 2216 initium,

238 2247 323 2302 quse
345 2228 456 2297 vellem,
477 2245 596 2301 quasque
616 2225 761 2296 sentirem,
789 2244 853 2282 meo
872 2225 992 2300 pristino
1017 2244 1095 2283 more
1118 2224 1247 2281 dicendi.

261 2306 388 2363 Tantam
402 2305 480 2363 enim
494 2303 755 2374 mansuetudinem,
769 2313 827 2360 tam
843 2303 1018 2375 inusitatam,
1028 2304 1248 2377 inauditamque

261 2384 455 2454 clementiam,
470 2393 592 2453 tantum,
607 2383 637 2439 in
651 2383 763 2438 summa
777 2392 926 2459 potestate,
937 2401 1032 2440 rerum
1045 2383 1173 2440 omnium
1188 2401 1249 2439 mo-

212 2461 246 2515 15
261 2463 340 2532 dum,
355 2472 414 2518 tam
429 2461 552 2534 denique
567 2460 766 2517 incredibilem
787 2461 956 2536 sapientiam
971 2481 1006 2519 ac
1018 2459 1093 2537 pene
1108 2461 1247 2531 divinam,

261 2539 367 2596 tacitus
387 2539 465 2596 nullo
492 2539 575 2596 modo
601 2538 745 2613 praeterire
766 2558 888 2615 possum.
931 2539 972 2597 M.
1001 2541 1078 2598 enim
1106 2539 1249 2598 Marcello

261 2616 350 2687 robis,
365 2617 466 2674 Patres
487 2616 659 2692 Conscripti,
681 2617 780 2692 reique
800 2619 923 2694 publicas
937 2619 1058 2689 reddito,
1073 2640 1129 2677 non
1153 2618 1249 2675 soldm

262 2694 348 2766 illius,
363 2697 414 2753 sed
428 2714 521 2752 meam
536 2695 623 2753 etiam
637 2715 737 2753 vocem
752 2707 781 2753 et
795 2697 1003 2769 auctoritatem,
1015 2710 1044 2756 et
1058 2697 1136 2755 vobis
1150 2709 1179 2755 et
1194 2697 1250 2754 rei·

246 2773 384 2850 publicae
399 2785 594 2832 conservatam
610 2794 644 2832 ac
658 2774 817 2832 restitutam
831 2785 907 2850 puto.

211 2852 442 2914 20Dolebam
457 2854 544 2924 enim,
559 2855 659 2911 Patres
673 2853 847 2942 conscripti,
862 2865 892 2910 et
905 2855 1088 2912 vehementer
1109 2856 1247 2931 angebar,

211 2859 331 2992 20crim
345 2933 481 3004 viderem,
498 2933 588 2990 virum
603 2931 722 3003 talem,
715 2952 744 2988 m
759 2933 861 2990 eadem
882 2951 971 2990 causa
992 2933 1023 2992 in
1041 2953 1167 3010 quaeso
1181 2935 1249 2991 fuis-

263 3032 333 3084 sem,
345 3033 401 3070 non
412 3012 441 3070 in
450 2979 552 3070 eaidem
563 3032 625 3069 esse
635 2979 767 3069 fortima:
781 3030 837 3068 nec
848 3011 918 3067 mibi
927 3014 1098 3102 persuadere
1109 3024 1247 3087 poteram,

263 3111 318 3150 nec
327 3058 371 3148 las
382 3111 444 3149 esse
453 3091 605 3161 ducebam,
616 3089 721 3148 versari
733 3090 816 3147 mein
829 3100 924 3147 nostro
935 3091 1022 3147 veteri
1034 3091 1187 3161 curriculo,
1200 3091 1249 3148 illo

264 3171 366 3228 aemulo
381 3181 464 3244 atque
480 3169 621 3226 imitatore
635 3168 794 3226 studiorum
809 3187 843 3226 ac
863 3168 993 3226 laborum
1013 3188 1151 3239 meorum,
1166 3170 1247 3244 quasi

140 3298 143 3302 .
212 3252 248 3305 25
263 3250 385 3324 quodam
400 3248 478 3306 socio
492 3267 509 3303 a
523 3266 569 3304 me
589 3257 618 3304 et
638 3247 753 3318 comite,
768 3247 912 3304 distracto
954 3248 1032 3324 Ergo
1045 3257 1074 3305 et
1088 3248 1157 3304 mihi
1177 3267 1248 3304 meae

262 3327 388 3418 pristinae
410 3327 474 3383 vitae
497 3325 744 3396 consuetudinem,
759 3326 793 3382 C.
809 3326 916 3397 Caesar,
939 3326 1123 3383 interclusam
1151 3345 1249 3402 aperu-

264 3406 327 3475 isti;
349 3415 377 3463 et
392 3405 436 3461 his
450 3403 592 3473 omnibus,
609 3405 644 3460 ad
660 3403 734 3460 bene
749 3406 786 3462 de
799 3405 877 3463 omni
898 3372 1045 3480 republica
1066 3407 1248 3482 sperandum,

263 3485 344 3560 quasi
359 3483 472 3560 signum
487 3449 600 3556 aliquod
621 3482 767 3539 sustulisti.
809 3482 992 3541 Intellectum
1013 3495 1056 3541 est
1076 3483 1163 3553 enim,
1179 3484 1248 3540 mihi

264 3562 401 3637 quidem
395 3583 423 3619 m
439 3561 518 3618 mult
499 3572 545 3630 t‚1s
560 3572 599 3618 et
603 3559 726 3618 maxime
742 3561 772 3619 in
786 3562 916 3638 meipso,
931 3563 981 3619 sed
1002 3562 1087 3638 paulo
1104 3561 1170 3619 ante
1191 3581 1250 3618 om·

214 3655 249 3708 30
264 3642 358 3712 nibus,
380 3639 447 3699 clim
469 3639 510 3698 M
527 3607 698 3698 lilarcellum
719 3640 830 3697 senatui
850 3641 1009 3716 populoque
1030 3641 1164 3699 Romano
1184 3660 1251 3698 con·

265 3719 386 3789 cessisti,
402 3718 630 3779 commemoratis
643 3719 800 3794 praesertim
819 3719 1034 3789 offensionibus,
1048 3729 1077 3777 te
1099 3730 1251 3777 auctorrta-

264 3807 321 3854 tem
338 3797 420 3872 hujus
429 3797 545 3868 ordinis,
556 3797 781 3873 dignitatemque
796 3798 970 3874 reipublicae,
979 3799 1037 3855 tuis
1047 3799 1091 3857 uel
1106 3798 1250 3856 doloribus

266 3875 307 3930 vel
323 3874 533 3947 suspicionibus
547 3876 696 3931 anteferre.
