2775 4425
194 394 249 453 l⁴16
492 389 628 439 ORATIO
651 389 689 438 m
711 389 751 439 M.
772 387 975 438 ANTONIUM.

278 535 337 593 Sed
359 536 432 605 haee,
447 553 510 609 quae
536 532 703 592 robustioris
729 532 919 610 improbitatis
946 541 1022 602 sunt,
1045 530 1233 588 omittamus:

237 617 386 690 loquamur
406 612 500 690 potiris
522 614 558 670 de
580 613 756 688 nequissimo
780 632 886 688 genere
907 611 1041 669 levitatis.
1082 611 1143 680 Tu,
1168 611 1234 667 istis

238 693 380 764 faucibus,
395 692 457 749 istis
470 692 618 763 lateribus,
633 693 688 749 ista
709 691 880 768 gladiatoria
900 691 986 748 totius
1005 690 1130 766 eorporis
1144 689 1234 746 firmi·

238 783 306 845 tate,
321 781 433 829 tantum
454 771 513 828 vini
533 771 564 828 in
585 771 701 847 Hippiae
722 771 830 846 nuptiis
849 770 1033 841 exhauseras,
1055 779 1087 826 ut
1107 769 1159 825 tibi
1180 789 1234 825 ne-

206 860 319 913 5cesse
340 860 415 909 esset
435 851 465 908 iu
486 850 581 927 populi
612 849 741 907 Romani
769 858 926 925 conspeetu
947 867 1060 905 vomere
1082 847 1231 923 postridie.

237 931 266 988 Ο
287 949 359 1001 rem,
374 950 432 988 non
453 929 539 988 modo
560 929 623 986 visu
644 929 760 1000 foedam,
775 929 824 985 sed
846 927 934 985 etiam
950 928 1065 984 auditu!
1097 927 1140 998 Si,
1155 926 1233 984 inter

238 1029 362 1081 ooenam,
377 1008 407 1066 in
430 1008 498 1085 ipsis
521 1008 579 1066 tuis
600 1007 775 1064 immanibus
796 1007 853 1065 illis
871 1007 992 1083 poculis,
1007 1007 1063 1064 hoo
1083 1006 1135 1063 tibi
1152 1006 1233 1063 aoei-

238 1089 336 1160 disset,
350 1088 414 1164 quis
435 1108 493 1146 non
514 1097 596 1164 turpe
620 1087 761 1144 duceretl
796 1086 832 1144 In
859 1095 935 1142 eoetu
960 1083 1027 1144 verb
1050 1085 1146 1161 populi
1170 1084 1233 1142 Ro·

239 1167 328 1238 mani,
355 1168 504 1244 negotium
531 1165 680 1242 publicum
709 1185 822 1242 gerens,
849 1165 987 1242 magister
1014 1164 1152 1240 equitnm,
1181 1163 1232 1222 oui

194 1253 225 1306 10
239 1257 354 1304 ructare
374 1256 455 1323 turpe
477 1257 561 1317 esset,
577 1245 611 1318 is,
626 1264 753 1316 vomens,
770 1243 868 1302 frustis
888 1243 1053 1315 esculentis,
1068 1243 1165 1300 vinum
1187 1263 1233 1301 re·

239 1326 411 1396 dolentibus,
439 1325 581 1402 gremium
615 1343 709 1393 suum,
744 1333 773 1380 et
805 1333 896 1380 totum
930 1323 1066 1393 tribunal,
1094 1321 1231 1398 implevit

240 1406 299 1462 Sed
321 1406 377 1463 hoe
401 1405 461 1480 ipse
485 1405 590 1462 fatetur
613 1423 678 1462 esse
705 1402 736 1460 in
758 1402 818 1459 suis
841 1400 991 1460 sordibus:
1021 1401 1169 1458 veniamus
1194 1402 1232 1458 ad

239 1483 397 1562 splendida.

279 1563 396 1620 XXVI.
431 1561 530 1620 Caesar
553 1561 732 1619 Alexandrirl
752 1581 784 1618 se
803 1559 923 1636 recepit,
945 1559 1022 1631 felix,
1043 1568 1075 1615 ut
1095 1558 1150 1615 sibi
1170 1559 1234 1634 qui·

192 1645 225 1698 15
240 1642 305 1700 dem
320 1641 488 1712 videbatur;
510 1641 575 1698 meat
595 1651 691 1699 autem
712 1640 866 1711 sententia,
881 1640 905 1697 si
926 1638 990 1715 quis
1010 1637 1175 1715 reipublicae
1194 1639 1234 1695 sit

147 1787 149 1792 .
239 1720 347 1790 infelix,
367 1719 434 1776 felix
458 1739 521 1777 esse
545 1739 602 1777 non
625 1729 725 1796 potest.
768 1719 863 1776 Hasta
886 1717 977 1794 posita
998 1737 1049 1793 pro
1071 1718 1132 1774 aede
1159 1717 1233 1775 Jove

239 1798 370 1868 Statoris
386 1799 460 1856 bona
481 1798 536 1855 Cn.
560 1798 689 1874 Pompeii
705 1798 933 1875 (misernm'mel
956 1796 1132 1872 consumptis
1153 1797 1233 1854 enim

237 1877 382 1952 lacrymis,
398 1887 495 1934 tamen
520 1877 624 1933 infixus
647 1877 744 1935 animo
767 1879 857 1935 haeret
878 1876 970 1954 dolor)
994 1877 1079 1946 bona,
1104 1875 1233 1950 inquam,

238 1955 292 2012 Cn.
322 1955 450 2032 Pompeii
479 1955 591 2032 Magni,
614 1955 678 2013 voci
703 1956 897 2013 acerbissima
925 1955 1055 2031 subjecta
1081 1956 1223 2032 praeconis

188 2047 224 2100 20
238 2034 304 2092 Unel
326 2034 356 2093 in
381 2035 429 2092 illa
454 2055 486 2092 re
507 2035 652 2092 servitutis
675 2035 775 2106 oblita,
790 2035 891 2092 civitas
906 2035 1063 2111 ingemuit3
1086 2034 1235 2091 servienti·

238 2115 349 2189 busque
378 2114 490 2186 animis,
519 2115 644 2191 gemitus
670 2124 767 2171 tamen
791 2113 887 2190 populi
915 2113 1042 2172 Romani
1069 2113 1141 2170 liber
1169 2113 1230 2173 suit

239 2193 481 2271 Exspectantibus
495 2194 639 2265 omnibus,
653 2194 786 2269 quisnam
808 2204 884 2251 esset
903 2203 963 2250 tarn
982 2193 1095 2269 impius,
1110 2202 1168 2249 tam
1183 2193 1234 2251 de·
1311 2198 1317 2208 ’

240 2294 331 2347 menS,
347 2284 406 2331 tam
428 2273 493 2331 Diis
514 2274 735 2349 hominibusque
750 2273 848 2344 hostis,
862 2272 910 2347 qui
927 2274 963 2329 ad
977 2272 1048 2329 illud
1062 2273 1157 2329 scelus
1170 2292 1235 2331 sec»

239 2354 326 2411 tionis
348 2354 467 2410 auderet
492 2354 643 2424 accedere,
659 2353 791 2410 inventus
814 2362 858 2409 est
881 2371 976 2423 nemo,
990 2364 1091 2428 prater
1110 2352 1234 2410 Antoni·

188 2441 224 2494 25
239 2451 298 2502 um,
313 2431 470 2507 praesertim
491 2430 560 2487 oiim
574 2442 615 2489 tot
628 2442 724 2489 essent
743 2432 854 2489 circum
875 2432 987 2489 hastam
1009 2430 1097 2501 illam,
1112 2431 1161 2506 qui
1176 2431 1233 2490 alia

238 2510 336 2566 omnia
359 2510 506 2565 auderent.
548 2510 631 2567 Unus
655 2511 788 2568 inventus
808 2520 861 2581 est,
885 2510 983 2585 quiid
1006 2510 1134 2581 auderet,
1156 2512 1233 2585 quod

238 2586 366 2644 omnium
382 2587 502 2663 fugisset
516 2600 545 2646 et
560 2590 773 2647 reformidasset
788 2590 919 2646 audacia.

278 2664 394 2722 Tantus
418 2666 505 2742 igitur
529 2678 557 2725 te
582 2678 678 2743 stupor
701 2670 850 2745 oppressit,
871 2668 914 2725 vel
938 2667 984 2744 (ut
1003 2666 1098 2725 verius
1120 2667 1232 2749 dicam)

238 2753 336 2801 tantus
360 2745 447 2816 furor,
463 2741 513 2818 'ut,
537 2744 672 2823 primum,
698 2746 766 2805 oiim
791 2757 884 2805 sector
908 2747 947 2804 sis
975 2748 1028 2805 isto
1051 2748 1115 2805 loco
1136 2759 1233 2821 natus,

187 2829 223 2883 30
239 2822 344 2882 deinde
372 2822 439 2882 oiim
467 2825 595 2903 Pompeii
620 2837 724 2898 sector,
752 2847 810 2885 non
837 2838 866 2884 te
893 2828 1102 2884 exsecrandum
1129 2828 1234 2904 populo

238 2902 384 2975 Romano,
409 2924 466 2963 non
494 2906 704 2977 detestabilem,
728 2926 786 2963 non
810 2925 909 2963 omnes
936 2906 989 2963 tibi
1017 2906 1104 2977 Deos,
1132 2927 1234 2965 omnes

238 2983 379 3055 homineS,
394 2994 423 3041 et
444 3004 506 3042 esse
528 2984 670 3055 inimicos,
685 2995 715 3042 et
735 2985 844 3043 futuros
865 2984 961 3042 soiasl
996 2986 1038 3042 At
1057 2984 1144 3059 quarn
1159 2986 1234 3044 inso-

237 3062 329 3119 lenter
344 3064 440 3120 statim
464 3063 561 3121 helluo
585 3064 687 3121 invasit
713 3065 742 3122 in
763 3064 825 3141 ejus
848 3063 902 3121 viri
923 3063 1060 3135 fortunas,
1075 3064 1158 3139 cujus
1179 3065 1234 3122 vir·

238 3151 299 3198 tute
314 3141 466 3200 terribilior
481 3152 543 3201 erat
556 3143 676 3218 populus
698 3142 850 3201 Romanus
871 3143 976 3201 exteris
994 3142 1246 3220 gentibusjjustis

187 3224 223 3280 35
238 3219 278 3277 tit
294 3219 404 3278 cariorl

278 3298 411 3357 XXVII.
438 3300 479 3357 ln
502 3300 564 3374 ejus
586 3299 672 3375 igitur
697 3300 794 3377 oopias
815 3299 883 3359 oiim
903 3320 934 3357 se
958 3298 1054 3357 subito
1074 3300 1234 3377 ingurgita-

238 3377 335 3448 visset,
360 3378 522 3435 exsultabat
548 3379 664 3453 gaudio,
688 3400 809 3455 persona
834 3381 870 3438 de
895 3380 993 3451 mimo,
1017 3378 1103 3437 modo
1131 3400 1232 3456 egens,

237 3456 356 3532 repente
372 3457 459 3515 dives.
502 3457 571 3528 Sed,
584 3467 615 3513 ut
629 3468 673 3515 est
686 3459 762 3533 apud
776 3464 891 3535 poetam
902 3459 1110 3533 nescioquem,
1126 3466 1144 3491 “
1155 3458 1233 3516 male

237 3546 320 3611 parta
334 3534 409 3593 male
425 3535 619 3593 dilabuntur.'’
662 3537 849 3609 Incredibile,
865 3558 900 3595 ao
922 3538 1016 3595 simile
1036 3536 1159 3614 portenti
1178 3549 1234 3609 est,

189 3612 223 3667 l0
239 3633 363 3687 quonam
379 3616 463 3672 modo
478 3614 599 3672 illatam
613 3616 715 3685 multa,
729 3614 816 3689 quam
836 3618 947 3694 paucis,
962 3637 1020 3674 non
1041 3617 1107 3673 dioo
1128 3617 1235 3673 mensi-

240 3692 303 3762 bus,
318 3694 368 3749 sed
384 3693 495 3765 diebus,
511 3694 651 3752 effuderit.
694 3693 841 3751 Maximus
854 3695 912 3752 vini
933 3715 1070 3753 numerus
1093 3696 1156 3765 fuit,
1171 3716 1235 3770 per·

240 3787 377 3844 magnum
403 3772 502 3847 optimi
528 3774 639 3849 pondus
670 3774 791 3849 argenti,
818 3773 943 3849 pretiosa
969 3776 1065 3844 restis,
1089 3773 1181 3830 multa
1204 3784 1236 3831 et

240 3846 318 3901 lauta
345 3849 482 3921 supellex,
503 3862 533 3908 et
559 3852 716 3926 magnifica
740 3851 837 3907 multis
863 3852 945 3923 loeis,
966 3872 1024 3910 non
1045 3853 1094 3909 illa
1114 3853 1234 3926 quidem
