2775 4425
394 370 531 423 ORATIO
552 371 575 437 l.
598 371 636 423 11t
657 372 688 423 L.
711 372 925 426 CATILINAM.
1184 380 1207 440 9

173 515 260 573 armis
274 524 354 575 certo
373 516 421 575 die
437 514 498 593 (qui
513 516 576 575 dies
590 516 704 575 iuturus
716 528 793 576 esset
807 518 964 577 antediem
979 518 1033 579 vl.
1047 520 1154 579 Calen-

173 597 224 653 dus
239 595 426 673 Novembris)
442 596 476 653 G.
488 594 642 667 Manlium,
657 598 788 655 audacie
800 599 951 656 satellitem
967 614 1051 675 atque
1063 600 1153 657 admi·

172 676 294 732 nistruru
309 676 388 731 tuael
423 674 503 732 Num
519 694 564 733 me
580 676 689 745 selellit,
704 677 843 748 Catilina,
857 696 916 735 non
931 678 1017 735 modd
1031 698 1077 735 res
1092 690 1153 736 tan·

172 763 211 824 ta,
227 765 284 811 tam
300 764 389 825 atrox,
403 763 462 811 tam
478 754 665 826 incredibilis,
680 752 779 813 rerirm
796 756 851 832 (id,
864 757 940 833 quod
955 756 1045 815 multd
1060 760 1153 835 uirgis

171 842 216 889 est
230 832 444 911 admirandum)
460 833 542 915 diesi
584 833 652 892 Dixi
667 852 723 911 ego
736 834 813 892 idern
828 836 857 893 in
872 848 985 906 senatu,
1001 836 1109 894 cedern
1124 840 1152 895 le
1186 832 1206 885 5

171 912 340 987 optimatum
363 913 520 970 contulisse
539 913 568 971 ia
584 913 743 971 antediem
758 914 794 971 V.
808 914 956 972 Calendas
970 914 1153 987 Novembris,

171 1002 243 1061 tum,
259 988 325 1047 clim
341 990 423 1049 multi
445 990 591 1068 principes
611 993 737 1051 civitatis
758 993 865 1065 Mani,
880 1014 938 1051 non
953 1005 1011 1052 tam
1025 996 1070 1053 sui
1084 1014 1153 1053 cou-

171 1070 314 1139 serrandi‚
328 1068 414 1144 quim
437 1080 551 1129 tuorum
574 1072 760 1130 consiliorum
782 1074 1041 1149 reprimendorum,
1062 1077 1153 1133 causi

171 1149 367 1225 profugerunt
410 1148 439 1207 N
443 1168 493 1223 um
506 1149 628 1209 inficiari
642 1163 734 1227 potes,
748 1164 777 1209 te
791 1152 840 1209 illo
853 1154 915 1229 ipso
928 1153 987 1223 die,
998 1154 1071 1211 meis
1084 1172 1154 1230 prte-

171 1227 262 1299 sidiis,
283 1228 349 1285 merl
372 1228 522 1305 diligentia
543 1231 781 1302 circumclusum,
801 1250 983 1289 commovere
1003 1242 1032 1289 te
1052 1245 1154 1291 contra
1174 1226 1234 1281 ¹⁰«

171 1307 379 1383 rempublicam
401 1327 458 1367 non
480 1309 623 1385 potuisse:
655 1308 725 1368 edm
752 1320 794 1380 tu,
814 1310 944 1369 discessu
972 1322 1153 1382 ceterorum,

172 1388 268 1443 nostri
288 1397 396 1457 tamen,
409 1387 458 1463 qui
479 1388 729 1461 remansissemus,
749 1389 831 1446 crede
851 1400 1022 1447 contentum
1041 1400 1070 1447 te
1090 1408 1155 1447 esse

172 1465 310 1523 dicebasl
397 1490 399 1497 ·

211 1544 314 1606 Quidl
336 1542 403 1603 oiim
418 1555 449 1603 tu
465 1554 493 1603 te
515 1544 661 1603 Praeneste
682 1544 824 1603 Calendis
838 1546 907 1622 ipsis
921 1546 1094 1605 Novembris
1107 1565 1157 1604 oc·

172 1630 345 1700 cupaturuni
358 1640 500 1683 nocturno
512 1625 619 1701 impetu
632 1644 696 1683 esse
707 1626 885 1695 confideres,
900 1626 1065 1697 sensistine,
1077 1626 1154 1683 illam
1174 1624 1209 1677 ts

82 1770 88 1785 x
172 1705 315 1763 coloniam
331 1722 395 1760 meo
406 1704 498 1780 jussu,
512 1704 662 1780 presidiis,
672 1706 820 1776 custodiis,
836 1705 1006 1782 vigiliisque,
1017 1724 1081 1763 esse
1096 1724 1157 1762 mu·

172 1784 284 1842 nituml
317 1782 400 1841 Nihil
416 1784 487 1860 agis,
503 1784 573 1841 nilrir
590 1785 707 1854 moliris,
719 1785 791 1841 nibil
805 1786 927 1861 cogitas,
938 1786 1014 1861 quod
1028 1804 1083 1861 ego
1096 1804 1155 1842 non

172 1860 259 1921 modo
274 1881 332 1919 non
347 1863 473 1934 audiam,
486 1864 536 1920 sed
550 1864 637 1920 etiam
652 1883 710 1921 non
726 1864 849 1934 rideam,
863 1863 1008 1941 planeque
1022 1865 1154 1921 sentiam.

214 1942 267 2000 lv.
309 1941 504 2018 Recognosce
525 1944 642 1999 tandem
664 1962 779 2000 mecum
801 1954 915 2001 noctem
936 1944 1013 2001 illam
1030 1945 1158 2020 superio·

173 2040 252 2080 rem:
279 2020 338 2098 jam
361 2021 505 2099 intelliges
525 2020 615 2079 multd
637 2040 683 2079 me
705 2022 824 2099 vigilare
848 2022 945 2080 acrius
966 2024 1002 2080 ad
1023 2023 1155 2092 salutem,
1172 2026 1210 2081 20

173 2099 260 2177 qudm
274 2111 303 2157 te
318 2100 354 2157 ad
369 2102 539 2177 perniciem,
554 2101 730 2177 reipublice.
772 2100 849 2159 Dico
862 2112 891 2158 te
904 2102 992 2176 priori
1011 2114 1097 2158 nocte
1111 2120 1158 2157 ve·

175 2182 252 2240 nisse
262 2180 336 2238 inter
346 2179 479 2239 falcarios
491 2180 563 2257 (non
577 2198 660 2257 agam
672 2179 813 2258 obscure)
825 2180 854 2236 in
866 2179 907 2237 M.
921 2180 1157 2250 Lecedomum3
1215 2215 1218 2222 ·

175 2260 346 2320 convenisse
366 2259 471 2317 eodem
492 2261 655 2336 complures
675 2259 806 2336 ejusdem
829 2259 963 2316 amentiae
983 2259 1159 2335 scelerisque

175 2341 278 2400 socios.
320 2339 401 2398 Num
423 2358 531 2417 negare
552 2339 661 2396 audesl
701 2338 784 2400 Quid
798 2339 900 2396 tacesl
931 2338 1113 2409 convincam,
1134 2336 1159 2394 si

175 2437 283 2496 negas:
306 2419 389 2478 video
409 2420 488 2477 enim
509 2438 572 2476 esse
594 2418 643 2476 hic
665 2417 694 2476 in
710 2429 813 2475 senatu
828 2418 978 2495 quosdam,
992 2418 1041 2494 qai
1061 2429 1159 2476 tecum
1175 2423 1212 2478 25

175 2500 235 2558 unit
250 2497 339 2556 lutire,

216 2577 245 2635 Ο
261 2578 310 2634 Dii
325 2577 515 2636 immortales!
538 2577 657 2635 ubinam
679 2577 809 2655 gentium
831 2578 951 2635 sumusl
972 2577 1002 2634 in
1015 2576 1073 2654 qul
1087 2575 1160 2635 urbe

176 2657 318 2716 vivimusl
339 2676 425 2733 quam
446 2657 654 2734 rempublicam
677 2657 839 2715 habemusl
881 2657 952 2728 Hic,
968 2657 1017 2714 lric
1037 2668 1114 2727 sunt,
1129 2657 1160 2714 in

177 2749 275 2796 nostro
289 2756 420 2807 numero,
435 2735 535 2794 Patres
549 2737 726 2813 Conscripti,
742 2736 771 2794 iu
787 2737 842 2794 hoc
855 2736 934 2794 orbis
944 2747 1027 2794 terre
1039 2736 1161 2793 sanctis·

177 2817 251 2875 simo
271 2816 497 2893 gravissimoque
518 2816 649 2888 consilio,
662 2817 711 2892 qui
732 2815 770 2873 de
790 2835 855 2874 meo
868 2816 1055 2890 nostrumque
1069 2815 1162 2872 omni·
1177 2821 1215 2876 30

179 2915 227 2954 um
242 2897 370 2967 interitu,
384 2895 433 2971 qui
454 2896 491 2953 de
512 2896 598 2972 hujus
619 2896 708 2965 urbis,
724 2905 809 2970 atque
831 2894 904 2951 oded
917 2893 996 2951 orbis
1009 2904 1161 2958 terrarum,

178 2975 267 3033 exitio
288 2975 426 3052 cogitent,
468 2975 569 3033 Hosce
589 2994 644 3052 ego
665 2975 750 3031 video
770 2973 883 3043 consul,
903 2985 934 3030 et
954 2974 992 3029 de
1011 2971 1162 3048 republicis

147 3067 152 3070 ’
178 3055 352 3112 sententiam
368 3073 453 3130 rogo:
474 3064 513 3126 et,
528 3074 599 3131 quos
614 3053 688 3111 serro
701 3052 842 3109 trucidari
855 3053 1015 3127 oportebat,
1027 3070 1079 3107 eos
1093 3069 1162 3107 non·

179 3135 249 3192 dum
270 3153 340 3191 roos
361 3134 487 3191 vulnero.
529 3132 624 3190 Fuisti
651 3131 739 3208 igitur
760 3131 836 3206 apud
859 3131 974 3187 Laecam
997 3130 1046 3186 illit
1066 3139 1162 3199 nocte,

180 3212 327 3270 Catilina:
355 3211 526 3272 distribuisti
546 3223 641 3287 partes
662 3209 773 3268 Italire:
794 3209 928 3280 statuisti,
942 3208 1000 3286 qud
1021 3227 1163 3286 quemque
1180 3212 1217 3267 35

179 3291 324 3368 proficisci
346 3292 493 3368 placeret:
515 3291 658 3368 delegisti,
673 3309 745 3366 quos
766 3289 870 3347 Roma:
891 3289 1078 3366 relinqueres,
1092 3309 1164 3365 quos

180 3381 279 3428 tecum
293 3372 451 3430 educeres:
473 3370 651 3446 descripsisti
666 3369 746 3428 urbis
759 3381 855 3446 partes
870 3370 905 3426 td
921 3369 1074 3427 incendia:
1095 3387 1162 3424 con·

145 3453 147 3460 '
180 3450 310 3522 firmasti,
325 3461 353 3508 te
375 3451 468 3527 ipsum
487 3451 547 3527 jam
569 3467 633 3508 esse
648 3449 810 3507 exiturum:
830 3449 928 3506 dixisti
948 3448 1097 3526 paululum
1112 3446 1164 3504 tibi

180 3549 243 3586 esse
257 3531 344 3588 etiam
360 3541 420 3588 tum
435 3549 532 3600 morae,
546 3527 623 3604 qudd
638 3547 693 3606 ego
707 3529 840 3587 viverem.
882 3527 1005 3604 Reperti
1025 3536 1094 3582 sunt
1107 3527 1166 3583 duo

180 3609 291 3686 equites
307 3609 446 3680 Romani,
461 3609 510 3685 qui
525 3621 552 3666 te
567 3609 621 3665 isui
637 3609 709 3666 curi
726 3609 892 3678 liberarent,
906 3617 936 3663 et
950 3624 1024 3675 sese,
1039 3605 1088 3662 illd
1104 3605 1166 3680 ipsi
1183 3607 1219 3660 to

182 3699 277 3758 nocte,
292 3689 377 3764 paulo
392 3700 459 3746 ante
473 3689 579 3760 lucem,
594 3699 641 3745 me
656 3688 685 3744 in
702 3707 767 3744 mco
778 3687 884 3743 lectulo
896 3685 1097 3742 interfecturos
1107 3687 1166 3760 pol·

180 3768 347 3825 licerentur.
390 3768 465 3825 Haec
479 3787 534 3844 ego
546 3768 655 3837 omniu,
670 3767 800 3823 vixdum
822 3766 910 3822 etiam
925 3775 1002 3821 coetu
1017 3775 1111 3821 vestro
1125 3765 1167 3821 di·

180 3847 279 3918 misso,
294 3848 440 3924 comperi:
462 3849 579 3905 domum
601 3865 696 3903 meam
718 3845 875 3921 majoribus
893 3843 1036 3920 presidiis
1057 3843 1167 3901 munivi

180 3937 267 4004 utque
281 3927 393 3986 firmari
404 3946 413 3994 y:
435 3927 547 3986 exclusi
561 3945 621 3998 eos,
635 3945 708 4002 quos
726 3934 759 3998 tp
778 3923 866 3983 mand
887 3925 924 3980 ad
946 3941 993 3980 me
1011 3924 1168 3981 salutatum
