2775 4425
381 369 518 419 ORATIO
540 370 610 420 PRO
632 372 669 421 Μ.
691 372 900 423 MARCELLO.
1147 378 1189 437 ω

184 513 226 571 X.
262 513 391 571 Diversae
405 513 565 572 voluntates
585 516 692 573 civium
715 516 838 588 luerunt,
853 517 1054 593 distractaeque
1074 538 1137 577 scn-

143 593 262 651 tentiae:
284 594 432 652 nonenim
448 595 576 652 consiliis
589 594 681 653 solum
706 608 735 653 et
756 597 868 667 studiis,
883 598 932 653 sed
948 600 1035 654 armis
1049 598 1137 655 etiam

143 682 174 729 et
198 672 310 743 castris,
334 672 553 731 dissidebamus.
596 674 666 731 Erat
694 687 789 732 autern
813 676 973 733 obscuritas
994 678 1136 751 quedam,

142 763 210 807 erat
230 762 376 809 certamen
406 750 479 809 inter
510 752 684 810 clarissimos
707 754 814 811 duces:
843 755 925 811 multi
954 756 1136 827 dubitabant,

142 830 218 903 quid
231 830 369 906 optimum
385 842 477 900 esset;
499 832 591 902 multi,
606 832 675 907 quid
699 833 754 890 sibi
776 834 938 909 expediret3
960 835 1053 905 multi,
1067 836 1136 911 quid
1166 840 1185 893 5

142 909 282 978 deceret;
303 909 432 967 nonnulli
447 911 545 980 etiam
559 911 628 987 quid
646 911 756 969 liceret.
796 912 953 971 Persuuota
975 914 1137 989 respublica

141 998 190 1044 est
204 989 259 1045 hoo
273 988 376 1045 misero
400 988 535 1064 fatalique
560 990 650 1048 bello:
672 990 742 1048 vicit
765 990 799 1062 is,
813 991 862 1066 qui
884 1011 942 1049 non
961 992 1074 1051 sortund
1094 993 1137 1051 iu·

141 1066 307 1123 flammaret
319 1067 417 1124 odium
432 1086 526 1139 suum,
541 1070 591 1126 sed
607 1069 733 1127 bonitate
746 1070 865 1141 leniret3
887 1090 943 1129 nec
957 1072 1005 1145 qui
1025 1092 1135 1144 omnes,

141 1146 250 1219 quibus
265 1146 354 1204 iratus
377 1157 462 1217 esset,
476 1147 591 1205 eosdem
616 1148 704 1205 etiam
725 1149 826 1207 exsilio
849 1161 899 1207 aut
911 1165 1012 1209 ‚morte
1033 1152 1136 1229 dignos

147 1225 305 1299 judicaret.
347 1226 439 1282 Arma
463 1227 498 1283 ab
521 1226 585 1283 aliis
607 1227 709 1303 posita,
724 1230 761 1285 ab
784 1228 848 1285 aliis
861 1242 959 1305 erepta
971 1242 1046 1287 sunt.
1088 1231 1184 1289 Iri-10

140 1313 243 1379 gratus
257 1313 302 1360 est
316 1302 492 1379 injustusque
507 1306 588 1376 civis,
602 1306 662 1381 qui,
677 1325 821 1365 armorum
844 1308 973 1383 periculo
986 1310 1133 1380 liberatus,

141 1382 275 1439 animum
289 1393 386 1439 tamen
400 1384 503 1441 retinet
517 1397 659 1441 armatum
671 1405 678 1454 ;
700 1396 732 1443 ut
744 1386 833 1443 etiam
848 1386 895 1445 ille
909 1388 947 1445 sit
961 1388 1071 1459 melior,
1084 1389 1134 1463 qui

140 1460 173 1519 in
188 1461 253 1519 acie
269 1460 385 1531 cecidit,
400 1462 447 1537 qui
473 1462 501 1520 in
526 1464 615 1523 causa
639 1464 766 1521 animam
786 1464 919 1540 prosudit.
959 1465 1037 1527 Quae
1057 1468 1135 1525 euim

138 1540 305 1615 pertinacia
327 1541 509 1615 quibusdam,
523 1543 626 1599 eadem
652 1542 717 1600 aliis
738 1544 909 1613 constantia,
924 1544 1014 1601 videri
1034 1556 1134 1621 potest.

139 1619 203 1675 Sed
215 1619 275 1694 jam
289 1619 382 1677 omnis
401 1618 492 1677 fracta
512 1621 653 1679 dissensio
672 1632 717 1679 est
736 1623 833 1692 armis,
847 1632 877 1679 et
889 1623 1032 1680 exstincta
1051 1625 1185 1699 requi-15

138 1706 202 1754 tate
217 1698 352 1756 victoris:
374 1710 470 1770 restat,
486 1710 515 1757 ut
530 1718 631 1757 omues
645 1720 734 1757 unum
749 1701 847 1771 velint,
861 1702 910 1777 qui
924 1702 1010 1759 modd
1028 1704 1136 1763 babent

138 1776 264 1850 aliquid,
279 1797 336 1835 non
358 1776 450 1835 soldm
472 1779 630 1855 sapientie,
644 1780 695 1837 sed
716 1780 804 1838 etiam
826 1780 966 1840 sanitatis.
1007 1781 1074 1839 Nisi
1095 1794 1134 1855 te,

138 1855 178 1911 C.
194 1856 303 1926 Caesar,
319 1856 405 1927 salvo,
420 1866 449 1914 et
473 1857 503 1915 iu
526 1856 580 1915 ista
604 1859 836 1935 sententiaque
863 1858 931 1918 clim
955 1872 1051 1933 antea,
1071 1872 1133 1919 tum

138 1934 229 1991 hodie
244 1936 293 1991 -vel
319 1934 443 1993 maximd
466 1956 535 1994 usus
555 1956 596 2007 es,
622 1950 766 2009 manente,
782 1938 853 1996 salvi
874 1959 938 1997 esse
960 1960 1017 1999 non
1037 1960 1134 2017 possu-

138 2031 216 2071 mus.
257 2014 360 2075 Quare
373 2034 473 2073 omnes
486 2026 525 2087 te,
539 2016 589 2090 qui
609 2017 671 2073 hac
685 2018 765 2075 salva
784 2036 847 2075 esse
867 2020 1008 2089 volumus,
1021 2032 1051 2077 et
1071 2022 1134 2078 hor·
1146 2029 1183 2083 20

138 2101 238 2149 tamur
266 2104 296 2150 et
323 2094 518 2167 obsecramus,
547 2105 579 2151 ut
607 2095 682 2166 vita,
711 2107 743 2152 ut
770 2096 866 2166 saluti,
897 2108 954 2155 tuae
982 2099 1133 2156 consulast

137 2190 299 2246 omnesque
313 2173 376 2244 tibi,
392 2172 438 2250 (ut
457 2193 508 2250 pro
530 2174 594 2232 aliis
616 2175 704 2232 etiam
725 2173 834 2249 loquar,
848 2175 924 2250 quod
947 2175 984 2233 de
1007 2194 1054 2234 me
1075 2175 1135 2252 ipse

138 2252 249 2329 sentio)
272 2253 408 2327 quoniam
430 2253 548 2312 subesse
570 2254 679 2328 aliquid
698 2264 793 2329 putas,
806 2255 882 2328 quod
903 2255 1065 2312 cavendum
1085 2256 1132 2326 sit,

139 2349 200 2387 non
215 2330 300 2388 modd
322 2333 459 2390 excubias
478 2344 507 2390 et
531 2333 685 2403 custodias,
705 2332 756 2389 sed
776 2332 864 2390 etiam
884 2333 1007 2390 laterum
1026 2344 1134 2392 nostro·

139 2427 207 2466 rum
221 2411 365 2485 oppositus
379 2421 408 2468 et
422 2429 581 2488 corporum,
596 2411 774 2488 pollicemur.
1146 2417 1183 2470 25

183 2488 238 2544 XI.
274 2489 343 2559 Sed,
372 2489 449 2546 unde
478 2502 523 2548 est
550 2509 626 2562 orsa,
648 2490 676 2547 in
706 2491 807 2548 eodem
836 2491 1006 2554 terminetur
1032 2491 1125 2551 oratio

140 2567 288 2624 Maximas
314 2568 367 2626 tibi
393 2587 493 2626 omnes
520 2567 627 2646 gratias
655 2569 777 2646 agimus,
804 2571 839 2628 C.
867 2571 983 2640 Cassan
1012 2573 1134 2649 majores

140 2647 231 2704 etiam
246 2647 392 2704 habemus.
434 2646 512 2704 Nam
525 2667 625 2706 omnes
640 2647 715 2706 idem
726 2650 871 2720 sentiunt;
892 2651 967 2726 quod
987 2671 1023 2710 ex
1041 2653 1134 2711 omni·

140 2745 192 2782 um
206 2725 340 2800 precibus
354 2737 383 2783 et
396 2726 531 2802 lacrymis
552 2729 658 2786 sentire
681 2729 805 2804 potuisti.
846 2731 916 2801 Sed,
930 2731 998 2805 quia
1018 2751 1074 2789 non
1088 2742 1132 2790 est

141 2805 285 2861 stantibus
304 2805 438 2862 omnibus
457 2825 577 2864 necesse
598 2807 712 2877 dicere;
734 2827 751 2864 a
771 2828 817 2866 rue
836 2808 916 2866 certe
938 2810 997 2866 dici
1024 2810 1130 2882 volunt,
1145 2810 1182 2863 30

141 2883 192 2940 oui
212 2902 332 2940 necesse
354 2894 397 2940 est
418 2885 637 2959 quodammodo,
659 2897 689 2944 et
709 2885 786 2961 qudd
808 2885 916 2957 volunt,
940 2897 970 2944 et
985 2886 1063 2961 qudd
1083 2890 1133 2945 de-

141 2972 200 3032 cet,
229 2973 258 3019 et
285 2961 362 3038 quod
392 2962 447 3037 (M.
478 2962 619 3022 Marcello
649 2983 666 3020 a
699 2976 729 3020 te
749 2965 819 3020 huic
850 2965 946 3021 ordini
973 2965 1132 3039 populoque

141 3039 278 3098 Romano
302 3051 331 3098 et
361 3042 525 3118 reipublicae
556 3043 680 3120 reddito)
713 3040 870 3117 [precipue
900 3041 929 3097 id
950 3060 968 3097 a
996 3061 1042 3098 me
1070 3043 1132 3101 lieri

142 3119 262 3199 debere]
274 3119 410 3196 intelligo.
452 3121 481 3178 N
485 3141 530 3178 am
544 3120 635 3178 laetari
646 3139 756 3188 omnes,
766 3139 823 3176 uon
838 3129 870 3176 ut
878 3119 915 3176 de
929 3120 1015 3176 unius
1028 3119 1131 3191 soltim,

142 3199 193 3254 sed
221 3208 253 3255 ut
278 3199 314 3255 de
341 3199 487 3258 communi
508 3200 637 3258 omnium
662 3198 764 3268 salute,
792 3198 901 3256 sentio:
932 3199 1008 3272 quod
1036 3207 1180 3260 autem35

141 3295 261 3334 summas
288 3277 494 3336 benevolentiae
515 3288 568 3349 est,
598 3278 675 3352 (quae
709 3296 778 3335 mea
801 3296 871 3354 erga
898 3277 978 3334 illum
998 3278 1133 3335 omnibus

142 3374 255 3431 semper
269 3365 337 3413 nota
351 3357 414 3428 luit,
429 3369 461 3415 ut
474 3358 521 3414 vix
542 3357 577 3414 O.
593 3355 744 3428 Marcello,
757 3357 865 3433 optimo
885 3367 914 3414 et
936 3357 1133 3418 amantissimo

141 3434 233 3504 fratri,
247 3445 349 3511 praeter
363 3455 429 3493 eum
443 3436 570 3510 quidem,
585 3435 719 3492 cederem
741 3435 865 3515 nemini)
886 3434 953 3494 crim
977 3436 1007 3492 id
1028 3435 1148 3493 sollici*

139 3513 252 3584 tudine,
281 3513 362 3585 curti,
390 3515 488 3572 labore
516 3515 626 3572 tamdiu
654 3515 845 3589 prestiterim,
858 3515 996 3590 quamdiu
1024 3526 1068 3572 est
1095 3515 1132 3572 de

140 3591 219 3648 illius
247 3592 339 3650 salute
363 3594 537 3664 dubitatum,
558 3591 638 3651 oertt}
667 3593 722 3650 hoc
743 3605 879 3670 tempore,
901 3594 1014 3668 magnis
1042 3594 1130 3664 curis,
1145 3599 1181 3652 40

139 3670 289 3740 molestiis,
310 3672 454 3730 doloribus
475 3672 621 3741 liberatus,
649 3683 783 3747 praestare
814 3672 913 3728 debeo.
964 3671 1074 3746 ltaque,
1095 3674 1131 3730 C.

140 3749 249 3820 Caesar,
265 3750 308 3807 sic
328 3750 379 3806 tibi
402 3750 509 3827 gratias
524 3769 586 3826 ago,
602 3761 644 3820 ut,
657 3751 792 3807 omnibus
813 3768 860 3806 me
881 3750 966 3806 rebus
989 3763 1054 3808 ate
1075 3772 1132 3810 nou

140 3838 309 3885 conservato
329 3827 432 3898 solum,
454 3830 504 3885 sed
528 3830 615 3886 etiam
645 3841 755 3898 ornato,
783 3839 880 3884 tamen
908 3828 944 3883 ad
965 3841 1015 3886 tua
1035 3830 1064 3888 in
1085 3851 1132 3889 me

138 3925 231 3964 unum
246 3907 469 3965 innumerabilia
482 3908 595 3978 merita,
612 3906 701 3982 (quod
720 3907 782 3964 lieri
800 3907 859 3982 jam
880 3926 961 3982 posse
981 3929 1039 3967 uon
1060 3911 1134 3968 arbi·

138 3985 250 4060 trabat)
266 3985 409 4042 maximus
422 3987 477 4044 hoc
490 3995 540 4044 tuo
555 3987 630 4043 lacto
643 3986 778 4042 cumulus
791 3987 954 4043 accesserit.
1145 3993 1183 4046 45

718 4167 738 4201 3
