2775 4425
353 373 489 422 ORATIO
511 371 581 423 PRO
603 373 635 423 T.
656 373 772 424 ANNIO
794 373 943 424 MILONE.
1139 378 1197 437 113

147 517 217 575 dem
240 536 304 574 csse
325 516 442 588 factam,
457 516 579 576 consilio
597 516 665 576 verb
686 518 803 594 majoris
823 517 954 594 alicujus.
996 516 1144 576 Videlicet

147 615 197 652 me
218 597 359 653 latronem
375 615 409 654 ac
423 596 559 654 sicarium
575 597 680 673 abjecti
696 596 826 655 homines
839 607 869 654 et
881 597 985 674 perditi
999 597 1144 655 describe·

148 675 230 732 bant.
271 675 378 732 lacent
398 675 458 732 suis
478 675 599 732 testibus
623 676 654 747 ii,
678 676 727 750 qui
750 677 885 734 Clodium
907 687 1016 752 negant
1037 695 1073 734 eo
1095 676 1143 734 die

148 753 288 824 Romam,
300 753 355 810 nisi
370 754 406 810 de
421 753 499 829 Cyro
512 753 649 825 audisset,
662 755 750 812 luisse
761 755 929 812 rediturum.
971 754 1142 831 Respirari:

148 831 290 889 liberatus
310 850 391 889 sum:
422 851 479 890 non
500 851 608 904 vereor,
630 852 677 905 ne,
698 834 775 908 quod
798 852 837 891 ne
859 834 999 910 suspicari
1025 833 1143 910 quidem
1177 837 1196 890 5

148 912 302 986 potuerim,
317 911 415 968 videar
430 911 458 968 id
473 911 624 988 cogitasse.

191 989 281 1046 Nunc
300 1008 454 1065 persequar
475 1001 596 1047 caetera:
617 1009 685 1048 nam
706 990 834 1050 occurrit
855 991 943 1048 illud:
963 1011 1001 1050 ne
1022 992 1144 1050 Clodius

150 1067 267 1143 quidem
289 1069 325 1125 de
346 1068 457 1124 insidiis
478 1069 624 1144 cogitavit,
639 1071 774 1144 quoniam
789 1071 843 1128 luit
856 1071 885 1128 in
902 1071 1017 1129 Albano
1029 1089 1144 1129 mansu·

150 1166 209 1216 rus,
225 1147 366 1221 siquidem
384 1148 512 1204 exiturus
533 1148 569 1205 ad
590 1149 700 1206 caedem
713 1168 731 1206 e
745 1150 812 1206 villa
825 1170 883 1208 nou
898 1151 1006 1209 suisset.
1048 1151 1144 1208 Video

150 1227 239 1296 enim,
256 1226 346 1295 illum,
361 1226 408 1300 qui
424 1226 529 1282 dicitur
544 1228 580 1284 de
595 1227 664 1302 Cyri
680 1240 770 1286 morte
784 1230 943 1300 nuntiasse,
954 1249 1010 1287 non
1027 1230 1056 1286 id
1071 1250 1143 1287 nun·
1162 1235 1196 1287 10

149 1305 249 1374 tidsse,
264 1305 314 1360 sed
336 1303 475 1361 Milonem
498 1306 739 1382 appropinquare:
760 1309 910 1382 namquid
925 1309 961 1365 de
979 1309 1058 1383 Cyro
1070 1328 1144 1366 nun·

149 1384 245 1452 tiaret,
260 1401 345 1457 quem
366 1383 496 1453 Clodius,
519 1383 615 1441 Romal
635 1385 832 1460 proficiscens,
846 1387 1001 1460 reliquerat
1021 1388 1143 1445 morien-

149 1463 230 1518 teml
274 1461 338 1520 Una
354 1461 411 1518 lui:
433 1473 636 1519 tastamentum
657 1464 742 1520 simul
762 1463 912 1540 obsignavi
933 1484 1000 1522 cum
1021 1465 1142 1524 Clodio:

150 1550 354 1597 testamentum
369 1551 464 1597 autem
478 1541 573 1616 paldm
595 1542 714 1612 fecerat,
729 1553 759 1600 et
777 1541 858 1599 illum
874 1542 1027 1614 haeredem,
1042 1553 1071 1600 et
1086 1563 1143 1616 me,

150 1620 312 1694 scripserat.
353 1619 452 1680 Quem
475 1621 565 1695 pridie
587 1621 656 1678 herb
677 1621 764 1678 tertia
779 1621 905 1678 animam
919 1622 1064 1680 efflantem
1079 1623 1143 1680 reli·
1163 1627 1197 1681 15

149 1699 268 1772 quisset,
290 1717 356 1755 eum
388 1709 531 1756 mortuum
554 1701 691 1776 postridie
720 1700 790 1758 bord
818 1701 933 1758 decima
961 1701 1086 1778 denique
1116 1702 1144 1761 ei

150 1777 338 1834 nuntiabatur
349 1779 361 1834 l

188 1856 277 1913 XIX.
313 1857 389 1934 Age,
405 1856 441 1914 sit
462 1857 503 1913 ita
523 1856 650 1915 sactum:
671 1877 735 1934 quae
756 1877 855 1930 causa,
870 1879 922 1917 cur
940 1859 1066 1917 Romam
1079 1881 1143 1938 pro·

148 1937 284 2011 peraretl
305 1954 357 1993 cur
379 1937 408 1993 in
428 1946 543 1994 noctem
565 1955 596 1993 se
617 1937 795 2013 conjiceretl
815 1939 885 2015 quid
906 1939 1044 1997 afferebat
1059 1939 1143 2017 [cau-

149 2015 224 2094 sam]
252 2015 464 2072 sastinationisl
494 2012 572 2090 qudd
595 2015 685 2073 haeres
706 2018 789 2074 eratl
820 2016 960 2087 Primum,
975 2028 1037 2084 erat
1059 2019 1141 2090 nihil,
1159 2030 1196 2084 20

149 2113 202 2151 cur
214 2105 365 2169 properato
378 2113 449 2170 opus
462 2104 554 2151 esset:
576 2094 692 2166 deinde,
707 2095 732 2151 si
752 2095 820 2170 quid
842 2107 928 2165 esset,
942 2097 1011 2170 quid
1025 2097 1143 2154 tandem

148 2183 220 2243 erat,
236 2174 311 2250 quod
332 2173 367 2231 ea
389 2184 474 2232 nocte
492 2173 628 2249 consequi
643 2183 749 2249 posset,
764 2173 908 2231 amitteret
922 2184 1029 2245 autem,
1043 2174 1067 2232 si
1081 2193 1144 2251 pos·

149 2253 234 2310 tridie
256 2252 342 2309 mane
364 2253 490 2310 Romam
512 2253 657 2311 venissetl
692 2253 800 2328 Atque,
815 2263 847 2309 ut
868 2251 909 2310 illi
929 2264 1089 2310 nocturnus
1106 2255 1143 2311 ad

148 2332 258 2389 Urbem
282 2333 420 2389 adventus
434 2332 568 2389 vitandus
587 2331 682 2407 potius
704 2330 791 2407 qudm
811 2332 987 2408 expetendus
1007 2331 1079 2403 suit3
1100 2333 1143 2391 sic

149 2390 265 2481 Miloni,
281 2409 348 2468 clm
364 2412 512 2469 insidiator
527 2421 612 2482 esset,
628 2411 651 2468 si
667 2410 748 2468 illum
764 2412 800 2469 ad
821 2412 928 2469 Urbem
943 2421 1030 2469 noctu
1045 2430 1143 2470 acces-
1159 2418 1196 2472 25

149 2509 248 2547 surum
263 2491 384 2561 solebat,
399 2490 607 2547 subsidendum
623 2502 708 2566 atque
722 2492 947 2567 exspectandum
961 2491 1023 2549 fuit.
1064 2491 1142 2551 Noc·

148 2579 190 2641 tu,
206 2570 347 2627 invidioso
366 2581 396 2627 et
415 2570 500 2645 pleno
519 2570 663 2627 latronum
684 2570 715 2627 in
734 2570 808 2643 loco,
822 2571 993 2629 occidisset:
1015 2591 1100 2631 nemo
1113 2574 1141 2630 ei

149 2649 269 2725 neganti
283 2667 339 2706 non
355 2648 535 2719 credidisset,
550 2668 636 2725 quern
650 2669 713 2707 esse
727 2669 828 2709 omnes
841 2651 961 2722 salvum,
972 2652 1061 2709 etiam
1075 2670 1142 2710 con-

149 2726 288 2799 fitentem,
304 2728 410 2786 volunt.
452 2727 644 2785 Sustinuisset
665 2728 721 2787 hoc
741 2730 852 2787 crimen
872 2727 997 2807 primum
1018 2732 1079 2806 ipse
1093 2731 1142 2789 ille

148 2806 293 2865 latronum
314 2807 473 2865 occultator
495 2817 524 2864 et
548 2818 707 2885 receptator
728 2809 819 2880 locus,
844 2810 914 2866 dum
941 2827 1035 2882 neque
1062 2820 1143 2865 muta
1159 2821 1195 2875 3ο

148 2887 273 2943 solitudo
294 2886 462 2957 indicasset,
483 2906 576 2961 neque
600 2907 680 2945 eaeca
707 2907 764 2944 nox
789 2886 961 2944 ostendisset
984 2885 1142 2943 Milonem.

149 2966 255 3023 deinde
277 2965 316 3021 ibi
338 2966 420 3023 multi
442 2966 478 3023 ab
499 2965 548 3023 illo
568 2966 675 3035 violati,
690 2966 813 3041 spoliati,
828 2964 911 3020 bonis
924 2962 1045 3038 expulsi,
1061 2965 1142 3019 multi

149 3045 237 3101 ctiam
259 3044 323 3102 haec
343 3044 487 3114 timentes,
503 3044 532 3102 in
546 3044 740 3121 suspicionem
761 3043 917 3110 caderent3
938 3050 998 3097 tota
1018 3041 1143 3116 denique

149 3142 198 3181 rea
219 3124 358 3181 citaretur
379 3122 503 3181 Etruria.
546 3126 644 3199 Atque
665 3122 715 3179 illo
732 3121 780 3178 die
794 3118 885 3190 certe,
901 3119 1003 3176 Aricia
1017 3120 1141 3191 rediens,
1190 3149 1199 3163 ·

149 3202 265 3259 divertit
279 3201 399 3260 Clodius
416 3200 466 3279 [ad
480 3204 536 3282 se,]
554 3204 590 3259 ad
605 3200 764 3260 Albanum:
803 3197 906 3269 Quod,
920 3208 952 3255 ut
965 3199 1053 3256 sciret
1071 3197 1145 3256 Milo
1159 3205 1197 3259 35

149 3281 229 3337 illum
252 3282 360 3359 Ariciae
383 3282 479 3352 fuisse,
501 3281 641 3357 suspicari
662 3291 759 3337 tamen
780 3279 890 3350 debuit,
911 3298 988 3350 eum,
1010 3278 1098 3336 etiam
1119 3277 1143 3334 si

149 3359 275 3417 Romam
291 3361 340 3417 illo
353 3361 400 3417 die
415 3360 518 3418 reverti
533 3361 628 3431 vellet,
644 3361 679 3417 ad
695 3360 789 3416 villam
808 3378 900 3430 suam,
914 3377 977 3433 quae
992 3358 1067 3415 viam
1082 3367 1144 3413 tan·

148 3450 239 3514 geret,
256 3440 443 3497 diversarum.
486 3440 547 3497 Cur
568 3459 661 3515 neque
683 3436 750 3497 antd
765 3438 902 3509 occurrit,
917 3458 954 3495 ne
969 3437 1017 3495 ille
1032 3438 1061 3494 in
1076 3436 1143 3492 villa

148 3519 306 3589 resideret;
329 3537 438 3577 necao
460 3518 490 3576 in
513 3519 578 3577 loco
599 3519 738 3590 subsedit,
753 3537 809 3593 quo
829 3518 877 3575 ille
898 3527 986 3575 noctu
1007 3526 1144 3573 venturus

148 3599 247 3654 esset?
1160 3610 1197 3663 4ο

188 3676 284 3733 Video
306 3676 402 3734 adhuc
423 3687 555 3735 constare
575 3676 682 3748 omnia,
694 3676 826 3752 judices:
849 3674 953 3732 Miloni
970 3674 1058 3731 etiam
1073 3674 1144 3732 utile

149 3755 237 3811 fuisse
253 3756 388 3813 Clodium
403 3756 515 3825 vivere3
537 3756 589 3826 illi,
605 3757 641 3813 ad
662 3775 698 3813 ea
717 3774 780 3830 quae
795 3754 991 3829 concupierat,
1004 3752 1144 3828 optatissi-

149 3852 226 3890 mum
244 3834 390 3892 interitum
414 3834 549 3892 Milonis:
571 3834 668 3892 odium
689 3834 777 3891 luisse
792 3832 869 3889 illius
883 3832 913 3889 in
928 3831 1006 3889 hunc
1021 3834 1151 3890 acerbis·

148 3913 264 3984 simum,
281 3914 310 3970 in
332 3913 518 4048 illurpolpujus
539 3913 666 3971 nullum:
689 3911 929 3970 consuetudinem
950 3910 1027 3968 illius
1046 3932 1144 3989 perpe·
