2775 4425
187 373 245 432 118
423 370 559 419 onrvro
582 347 651 418 'rao
673 369 705 418 r.
728 368 843 417 rrvrvro
864 367 1015 417 umorve.

272 514 370 571 XXV.
404 512 514 570 Omnia
529 514 600 571 salsa
615 523 700 588 atque
716 510 881 592 [insidiose]
899 512 967 569 licta
988 520 1136 587 comperta
1148 520 1225 568 sunt.

231 592 323 654 Qubd
338 593 361 650 si
376 603 473 649 tamen
488 593 624 649 metuitur
639 593 727 650 etiarn
743 611 821 648 nunc
842 591 925 662 Milo,
940 611 997 647 non
1012 592 1067 648 hoc
1083 591 1143 666 jam
1160 591 1227 647 Clo·

232 673 351 729 dianam
373 673 483 730 crimen
506 671 658 742 timemus,
679 681 731 728 sed
753 686 826 741 tuas,
849 671 905 727 Cn.
928 670 1056 745 Pompei,
1080 669 1123 746 (te
1144 670 1226 727 enim

230 750 289 827 jam
305 751 414 827 appello
428 751 463 808 erl
478 769 557 822 voce,
574 761 605 807 ut
622 769 669 808 me
684 749 784 807 audire
798 749 901 827 possis)
917 759 992 819 tuas,
1006 759 1080 819 tuas,
1096 749 1225 822 inquam,

200 826 411 907 5suspioiones
430 829 681 906 perhorrescimus.
724 829 757 886 Si
779 828 919 885 Milonem
937 829 1033 898 times,
1048 828 1072 884 si
1091 829 1170 885 hunc
1189 828 1226 885 de

233 910 283 966 tud
305 909 362 966 vital
385 907 495 966 nelarie
519 919 568 965 aut
588 928 667 965 nunc
687 909 826 984 cogitare,
850 917 899 963 aut
919 907 1050 965 molitum
1071 907 1227 981 aliquando

234 988 352 1062 aliquid,
366 999 467 1064 putas;
489 988 513 1045 si
536 987 627 1044 Italiae
647 987 787 1057 delectus,
804 985 850 1060 (ut
868 985 998 1043 nonnulli
1017 985 1226 1060 conquisitores

234 1068 275 1124 tui
290 1067 437 1145 dictitant)
453 1067 477 1123 si
492 1068 555 1125 haec
570 1084 658 1138 arma,
670 1065 694 1122 si
709 1065 880 1142 Capitolinae
895 1065 1037 1134 cohortes,
1049 1064 1072 1120 si
1083 1065 1225 1135 excubiae,

233 1145 257 1202 si
272 1146 387 1222 vigiliae,
402 1147 426 1203 si
441 1147 555 1203 delecta
574 1145 719 1222 juventae,
733 1165 796 1220 quae
819 1156 901 1201 tuum
923 1163 1026 1219 corpus
1050 1145 1226 1218 domumque

185 1223 219 1276 10
234 1225 367 1295 custodit,
383 1235 482 1283 contra
505 1224 622 1283 Milonis
645 1225 782 1300 impetum
807 1233 918 1280 armata
935 1233 988 1292 est,
1004 1235 1090 1297 atque
1104 1223 1153 1278 illa
1166 1241 1227 1280 om·

233 1303 283 1361 nia
302 1304 331 1361 in
346 1305 424 1361 hunc
443 1323 532 1361 unum
552 1304 691 1374 instituta,
706 1315 815 1380 parata,
831 1304 941 1359 intenta
959 1312 1042 1371 sunt;
1064 1321 1172 1377 magna
1194 1301 1226 1358 in

234 1383 289 1441 hoc
303 1383 381 1440 certe
397 1383 449 1454 vis,
464 1392 493 1440 et
515 1383 692 1440 incredibilis
716 1383 838 1452 animus,
853 1391 882 1438 et
903 1401 958 1439 non
980 1379 1068 1437 unius
1081 1381 1135 1437 viri
1149 1381 1226 1437 vires

235 1472 319 1537 atque
339 1482 406 1539 opes
427 1462 601 1533 indicantur,
617 1461 759 1536 siquidem
781 1461 810 1518 in
831 1462 910 1517 hunc
932 1479 1021 1517 unum
1041 1470 1070 1516 et
1089 1470 1227 1536 praestan·

235 1541 361 1599 tissimus
376 1543 433 1598 dux
447 1543 567 1612 electus
582 1552 610 1598 et
624 1550 683 1598 tota
697 1541 859 1616 respublica
874 1551 984 1596 armata
998 1548 1050 1596 est.

186 1623 220 1676 15
274 1621 332 1677 Sed
347 1621 411 1695 quis
425 1641 481 1678 non
496 1620 639 1696 intelligit,
654 1639 754 1677 omnes
767 1619 820 1676 tibi
834 1617 999 1694 reipublicae
1012 1627 1117 1693 partes,
1132 1637 1226 1694 aegras

234 1709 263 1756 et
282 1700 422 1770 labantes,
445 1710 476 1755 ut
502 1719 553 1756 eas
576 1700 620 1755 his
646 1699 732 1755 armis
755 1717 873 1756 sanares
893 1709 923 1755 et
942 1697 1139 1768 confirmares,
1160 1717 1226 1755 esse

234 1778 423 1834 commissasl
456 1776 548 1839 Quod
576 1778 600 1835 si
628 1775 732 1834 Miloni
756 1777 837 1835 locus
860 1777 945 1834 datus
968 1787 1053 1847 esset,
1077 1777 1228 1853 probisset

232 1853 360 1930 profectb
376 1855 428 1912 ribi
443 1856 506 1932 ipsi,
521 1857 666 1913 neminem
688 1875 816 1932 unquam
837 1856 982 1913 hominem
1003 1855 1113 1912 homini
1133 1856 1226 1914 cario-

233 1953 293 1991 rem
308 1933 405 2004 luisse,
421 1933 506 2009 quam
518 1946 546 1992 te
556 1935 610 1992 sibi
623 1955 630 2004 ;
645 1936 755 1992 nullum
767 1955 798 1992 se
807 1954 933 2010 unquam
944 1934 1104 2011 periculum
1114 1954 1165 2010 pro
1174 1935 1226 1992 tua

182 2010 218 2064 20
233 2013 373 2088 dignitate
388 2013 510 2090 fugisse;
533 2033 600 2071 cum
616 2013 664 2071 ills
680 2014 741 2090 ipsrl
755 2014 901 2072 teterrima
915 2025 994 2090 peste
1008 2013 1165 2090 sepissime
1175 2034 1227 2090 pro

233 2093 283 2148 turi
303 2091 393 2168 gloria
413 2094 610 2163 contendisse3
632 2094 810 2150 tribunatum
831 2113 916 2151 suum
930 2094 967 2150 ad
981 2093 1102 2150 salutem
1117 2111 1224 2164 meam,

233 2190 296 2246 quae
318 2172 369 2230 tibi
389 2173 537 2231 carissima
552 2173 661 2245 luisset,
677 2172 804 2231 consiliis
818 2172 875 2231 tuis
888 2173 1097 2251 gubernatum
1118 2191 1150 2231 se
1165 2183 1225 2231 ate

227 2263 329 2327 postea
342 2252 493 2310 defensum
508 2253 537 2311 in
551 2253 679 2329 periculo
693 2252 805 2329 capitis,
817 2254 946 2328 adjutum
961 2253 990 2310 in
1003 2251 1141 2329 petitione
1154 2272 1225 2329 prae·

234 2340 321 2400 turae;
343 2332 414 2389 duos
437 2352 468 2390 se
493 2333 599 2390 habere
621 2352 733 2407 semper
756 2332 944 2390 amicissimos
965 2333 1105 2408 sperasse,
1126 2342 1156 2389 te
1175 2342 1225 2390 tuo

182 2408 218 2460 25
234 2410 384 2480 beneficio,
400 2430 446 2467 me
461 2431 519 2468 su0.
561 2411 638 2472 Quae
661 2412 684 2467 si
704 2431 761 2468 non
777 2412 927 2487 probaret3
949 2411 973 2467 si
987 2411 1040 2469 tibi
1055 2412 1096 2468 ita
1108 2411 1224 2487 penitbs

234 2487 394 2545 inhaesisset
418 2488 472 2546 ista
496 2490 629 2563 suspicio,
647 2490 727 2547 nullo
747 2500 779 2547 ut
796 2490 879 2548 evelli
896 2490 981 2549 modo
997 2500 1110 2567 posset,
1131 2490 1156 2546 si
1176 2491 1223 2548 de·

233 2565 320 2638 nique
344 2565 430 2623 Italia
454 2586 471 2623 a
491 2567 616 2638 delectu,
638 2567 714 2625 Urbs
735 2571 773 2626 ab
794 2569 891 2640 armis,
906 2570 969 2627 sine
990 2567 1109 2627 Milonis
1127 2568 1222 2640 clade,

232 2662 379 2717 nunquam
398 2655 473 2702 esset
492 2646 696 2720 conquietura;
718 2668 763 2705 nae
781 2649 834 2705 iste
848 2649 925 2705 haud
940 2648 1075 2706 dubitans
1089 2649 1224 2706 cessisset

231 2722 334 2797 patriti,
350 2722 383 2794 is,
398 2724 446 2799 qui
468 2724 508 2781 ita
529 2736 613 2782 natus
633 2736 685 2797 est,
701 2737 730 2784 et
751 2727 791 2784 ita
805 2728 971 2798 consuevit;
992 2738 1032 2799 te,
1047 2727 1167 2804 Magne,
1182 2737 1224 2785 ta·

181 2800 217 2853 30
232 2819 298 2857 men
314 2811 521 2874 antestaretur,
542 2805 617 2879 quod
632 2805 812 2863 nuncetiam
827 2806 905 2863 lacit.

271 2880 387 2939 XXVI.
419 2882 506 2954 Vide,
521 2882 607 2958 quam
624 2884 661 2941 sit
678 2884 758 2941 varia
778 2885 842 2941 vitre
856 2884 1125 2960 commutabilisque
1139 2885 1222 2957 ratio,

231 2958 316 3035 quarn
339 2980 411 3038 vaga
432 2962 619 3038 volubilisque
641 2963 763 3035 fortuna,
778 2974 891 3038 quantae
911 2964 1094 3022 infidelitates
1108 2965 1137 3021 in
1154 2965 1224 3021 ami·

232 3039 284 3110 cis,
299 3039 385 3115 qudm
408 3042 443 3098 ad
462 3051 574 3117 tempus
594 3053 664 3117 aptae
679 3042 885 3114 simulationes,
900 3054 1014 3117 quantae
1035 3043 1065 3100 in
1085 3043 1223 3119 periculis

233 3118 307 3195 lugae
330 3120 532 3195 proximorum,
546 3132 660 3196 quantae
684 3121 860 3178 timiditates.
902 3120 976 3192 Erit,
993 3122 1049 3179 erit
1066 3121 1136 3178 illud
1160 3142 1224 3198 pro·

181 3208 216 3261 35
233 3196 309 3254 lectb
324 3209 445 3273 tempus
461 3208 490 3255 et
512 3199 661 3257 illucescet
683 3200 836 3274 aliquando
854 3201 902 3257 ille
920 3201 992 3271 dies,
1008 3198 1076 3258 crim
1090 3210 1132 3271 tu,
1148 3200 1223 3258 salu-

231 3277 341 3333 taribus
356 3277 402 3354 (ut
423 3277 518 3355 spero)
535 3278 620 3334 rebus
640 3278 707 3343 tuis,
722 3279 772 3335 sed
788 3279 905 3336 sortasse
927 3289 1006 3337 motu
1028 3280 1124 3354 aliquo
1145 3299 1223 3338 corn-

231 3356 360 3412 munium
385 3366 544 3429 temporum
571 3356 739 3426 immutatis,
763 3356 826 3432 (qui
849 3357 936 3432 quarn
964 3357 1066 3416 orebrb
1095 3358 1221 3430 accidat,

231 3435 338 3509 experti
360 3434 498 3491 debemus
518 3432 607 3512 scire)
623 3445 652 3491 et
673 3435 841 3493 amicissimi
862 3437 1101 3508 benevolentiam,
1116 3448 1145 3494 et
1158 3456 1222 3514 gra-

230 3513 338 3571 vissimi
361 3511 484 3571 hominis
504 3512 601 3583 fidem,
616 3524 645 3570 et
659 3514 745 3570 unius
759 3527 820 3590 post
835 3516 966 3573 homines
979 3526 1061 3574 natos
1075 3516 1222 3574 fortissimi

180 3586 215 3639 40
231 3592 283 3648 viri
298 3591 527 3667 magnitudinem
542 3592 640 3663 animi,
656 3593 810 3651 desideres.

269 3670 446 3745 Quanquam
461 3670 525 3745 quis
547 3671 601 3727 hoc
622 3672 731 3740 credat,
746 3673 800 3729 Cn.
817 3672 995 3749 Pompeium,
1006 3672 1080 3749 juris
1101 3673 1221 3749 publici,

230 3749 317 3803 moris
331 3750 480 3823 majorum,
495 3750 536 3806 rei
551 3749 676 3823 denique
690 3750 813 3825 publicae
828 3752 1041 3826 peritissimum,
1057 3750 1124 3809 crim
1139 3771 1222 3809 sena·

230 3835 276 3880 tus
291 3826 317 3879 ei
329 3828 513 3897 commiserit,
524 3837 555 3883 ut
569 3829 687 3898 videret,
704 3848 743 3884 rvr:
756 3848 831 3890 onrn
844 3850 1032 3887 nssnunrscn
1045 3850 1221 3887 permissiv-

230 3918 262 3953 rr
278 3918 427 3971 carnaea,
444 3904 514 3978 (quo
528 3925 585 3962 uno
599 3906 741 3964 versiculo
761 3909 830 3964 satis
845 3910 946 3966 armati
961 3928 1073 3985 semper
1087 3910 1221 3967 consules

180 3974 215 4026 45
232 3973 355 4046 luerunt,
369 3979 456 4034 etiam
480 3981 567 4038 nullis
590 3984 677 4040 annis
699 3984 787 4063 datis)
803 3986 892 4059 hunc,
914 3988 1054 4059 exercitu,
1069 3989 1158 4060 hunc,
1172 3988 1222 4045 de·
