2775 4425
179 374 219 429 10
428 365 564 416 caurio
587 365 608 415 1.
632 365 668 415 ru
694 365 724 414 u.
748 366 962 416 cartutuuu.

228 508 358 579 miseras,
375 508 442 567 cbrn
457 510 497 566 illi
513 509 566 585 ipsi
580 509 736 581 venissent,
751 531 822 586 quos
835 531 890 588 ego
901 510 960 587 jam
976 510 1074 568 multis
1088 531 1123 571 ac
1134 532 1198 572 sum

229 590 283 645 mis
298 590 365 645 viris
380 590 415 645 ad
432 609 476 645 nte
491 590 519 646 id
535 590 669 665 temporis
685 603 819 647 venturos
832 610 895 647 esse
911 591 1106 666 praedixeram.

268 668 304 725 V.
339 668 417 729 Quae
433 666 500 725 oum
516 669 555 725 ita
569 669 636 739 siut,
651 669 789 739 Catilina,
801 690 899 746 perge,
910 668 967 745 qud
979 670 1109 744 coepisti:
1130 689 1210 745 egra·

228 747 296 803 dere
318 747 473 823 aliquando
487 767 522 805 ex
538 748 625 804 urbe:
647 759 747 823 patent
760 764 862 823 portae:
884 745 1075 824 proficiscere.
1117 748 1209 805 Nimi-

192 826 210 879 5
229 824 277 883 rim
293 826 342 883 diu
358 840 386 883 te
401 827 601 903 imperatorem
626 826 674 883 illa
693 837 744 883 tua
759 826 911 884 Manliana
925 838 1020 884 castra
1034 828 1207 884 desiderant.

227 904 312 962 Educ
334 918 430 962 tecum
452 906 539 963 etiam
560 924 661 963 omnes
682 916 765 975 tuos3
787 906 810 961 si
832 904 938 975 minus,
953 905 1038 981 quam
1053 907 1208 981 plurimos:

226 1002 319 1061 purga
339 986 449 1041 urbem.
491 984 602 1061 Magno
624 1004 670 1041 me
691 996 770 1041 metu
791 984 937 1055 liberabis,
958 986 1114 1053 dummodo
1135 985 1208 1041 inter
1248 998 1253 1003 ’

227 1082 274 1119 me
291 1074 374 1137 atque
389 1075 417 1120 te
432 1083 530 1121 murus
550 1063 669 1121 intersit.
711 1063 874 1121 Nobiscum
894 1064 1001 1121 versari
1019 1063 1080 1139 jam
1099 1064 1209 1121 diutids

158 1142 160 1147 ⁴
228 1160 285 1197 non
301 1153 398 1219 potes:
420 1162 478 1199 non
494 1143 594 1212 feram,
609 1162 665 1217 non
682 1143 784 1218 patiar,
799 1163 857 1200 nou
872 1122 1128 1234 sinainlxlldagna
1143 1143 1208 1199 Diis

176 1218 210 1272 10
227 1218 436 1278 immortalibus
451 1222 585 1277 habenda
595 1235 638 1278 est
649 1222 752 1298 gratia,
765 1233 849 1296 atque
861 1222 931 1279 huic
943 1222 996 1297 ipsi
1011 1221 1076 1278 Jori
1091 1222 1208 1293 Statori,

228 1298 426 1375 antiquissimo
440 1300 552 1377 custodi
567 1300 652 1375 hujus
667 1300 755 1371 urbis,
770 1300 847 1376 quod
862 1302 938 1357 hauc
953 1312 1012 1357 tam
1026 1312 1138 1371 tetram,
1150 1311 1208 1357 tam

227 1378 404 1450 horribilem,
426 1388 541 1453 tamque
563 1379 697 1436 infestam
718 1380 895 1455 reipublicae,
917 1391 1026 1455 pestem
1047 1380 1131 1436 toties
1147 1380 1208 1455 jam

227 1456 389 1533 effugimus,
431 1457 498 1514 Non
514 1468 558 1514 est
572 1459 676 1534 sapius
691 1459 721 1515 in
736 1479 796 1515 rino
811 1460 927 1517 homine
940 1460 1019 1516 salus
1033 1478 1146 1515 summa
1160 1478 1209 1535 pe-

226 1536 382 1593 riclitanda
409 1532 604 1613 reipublicae.)
625 1538 776 1599 Quamdiu
804 1539 885 1607 mihi,
907 1538 1020 1595 consuli
1048 1539 1208 1615 designato,
1293 1588 1299 1603 ,

176 1624 209 1677 15
227 1614 365 1685 Catilina,
381 1615 534 1671 insidiatus
548 1634 589 1685 es,
605 1636 662 1673 non
684 1616 801 1691 publico
816 1636 862 1673 me
876 1616 1018 1692 prasidio,
1033 1617 1083 1673 sed
1099 1618 1209 1693 privatis

227 1694 387 1769 diligentia,
410 1694 536 1751 delendi.
577 1693 665 1764 Cum,
687 1695 823 1769 proximis
850 1696 975 1752 comitiis
997 1696 1207 1767 consularibus,

227 1791 273 1829 me
296 1772 444 1829 consulem
468 1772 497 1828 iu
520 1772 641 1846 Campo,
664 1783 693 1829 et
719 1774 921 1848 competitores
948 1790 1021 1844 tuos,
1047 1774 1208 1832 interlicere

226 1851 358 1919 voluisti;
389 1850 545 1925 compressi
574 1861 639 1907 tuos
666 1851 791 1908 nefarios
815 1865 937 1910 conatus
959 1854 1118 1910 amicorum
1139 1873 1210 1930 prar-

227 1929 300 1985 sidio
321 1940 350 1985 et
371 1928 471 2003 copiis,
487 1928 566 1986 nullo
586 1929 710 1986 tumultu
731 1930 848 2005 publice
869 1932 1023 1989 concitato.
1065 1933 1208 2007 Denique,

174 2016 210 2069 20
227 2008 455 2096 quotiescunque
470 2028 516 2065 me
530 2006 637 2082 petisti,
652 2028 703 2084 per
717 2028 764 2066 me
784 2010 836 2066 tibi
857 2011 971 2080 obstiti3
993 2031 1155 2088 quanquam
1171 2012 1210 2069 ri·
1308 2055 1316 2062 .

152 2102 154 2109 ’
227 2087 342 2157 debant,
357 2086 517 2163 perniciem
539 2106 634 2144 meam
656 2108 724 2145 cum
741 2089 848 2165 magud
863 2091 1028 2147 calamitate
1043 2091 1209 2166 reipublicae

226 2185 290 2224 esse
304 2166 500 2243 conjunctam.
543 2166 634 2225 Nunc
642 2167 703 2244 jam
715 2166 812 2244 aperte
825 2170 1032 2246 rempublicam
1046 2171 1208 2228 universam

226 2247 318 2322 petis:
340 2247 446 2322 templa
461 2247 587 2304 Deorum
601 2247 815 2320 immortalium,
829 2261 907 2307 tecta
921 2251 1009 2320 urbis,
1019 2251 1105 2306 vitam
1119 2249 1210 2308 omui·

226 2345 275 2381 um
292 2326 409 2397 civium,
424 2325 537 2383 Italiam
554 2327 677 2403 denique
692 2339 791 2399 totam,
808 2330 844 2385 ad
864 2329 983 2386 exitium
1004 2340 1034 2386 et
1047 2329 1209 2385 vastitatem

173 2399 321 2462 25rocas.
1022 2463 1026 2467 ,

217 2499 219 2506 “
266 2483 378 2553 Quare,
393 2485 528 2559 quoniam
543 2484 582 2555 id,
598 2485 673 2560 quod
688 2484 822 2559 primum,
835 2495 920 2558 atque
934 2483 1020 2558 hujus
1032 2484 1142 2559 imperii
1154 2484 1210 2540 dis-

226 2561 398 2637 ciplinaeque
427 2565 567 2639 majorum
589 2563 734 2638 proprium
756 2573 809 2633 est,
831 2563 926 2619 facere
947 2563 1075 2619 nondum
1098 2563 1208 2632 audeo;

227 2640 332 2698 faciam
347 2641 386 2712 id,
398 2644 481 2717 -quod
495 2654 539 2699 est
554 2643 590 2698 ad
613 2641 794 2698 severitatem
813 2641 916 2711 lenius,
931 2651 960 2696 et
975 2641 1010 2697 ad
1025 2661 1217 2699 communem-

226 2721 348 2778 salutem
364 2721 469 2778 utilius
512 2720 599 2790 Nam,
615 2721 682 2776 site
699 2719 821 2776 interfici
833 2720 956 2796 jussero,
970 2720 1108 2776 residebit
1123 2721 1151 2777 in
1167 2741 1210 2778 re·

173 2802 209 2856 30
225 2800 342 2874 publicai
356 2800 465 2876 reliqua
479 2797 692 2875 conjuratorum
708 2817 828 2868 manus3
850 2799 895 2854 sin
909 2810 940 2855 tu
954 2797 1044 2874 (quod
1058 2809 1086 2856 te
1097 2799 1210 2875 jamdu-

226 2879 294 2935 dum
320 2880 430 2957 hortor)
445 2879 560 2946 eriieris,
575 2878 760 2934 exhaurietur
782 2896 818 2934 ex
840 2878 911 2934 urbe
933 2889 1047 2935 tuorum
1070 2879 1209 2936 comitum

225 2969 369 3033 magnast
378 2958 540 3035 perniciosa
551 2958 665 3014 sentina
679 2955 884 3038 [reipublicae].
905 2956 988 3019 Quid
997 2969 1050 3028 est,
1060 2958 1209 3016 Catiliual

225 3055 294 3093 num
310 3037 424 3093 dubitas
440 3038 478 3106 id,
494 3057 539 3094 me
555 3038 724 3113 imperante,
740 3037 846 3108 facere,
860 3037 935 3113 quod
954 3037 1015 3114 jam
1037 3039 1087 3095 tuat
1109 3050 1210 3114 sponte

226 3115 373 3173 faciebasl
404 3115 491 3172 Exire
500 3136 536 3173 ex
545 3117 614 3173 urbe
627 3117 728 3174 consul
742 3117 852 3174 hostem
861 3117 960 3193 jubet:
983 3118 1143 3194 interrogas
1152 3136 1208 3188 me,

172 3198 208 3252 35
226 3214 294 3252 num
311 3195 339 3250 in
354 3194 486 3250 exsilium
497 3196 516 3251 l‘
541 3195 608 3252 Non
622 3196 728 3270 jubeo:
749 3197 811 3266 sed,
826 3197 850 3253 si
865 3216 911 3253 me
926 3198 1064 3266 consulis,
1079 3198 1195 3254 suadeo.

266 3273 319 3330 Vl.
360 3272 442 3334 Quid
464 3274 552 3342 enim,
567 3273 705 3343 Catilina,
720 3285 774 3344 est,
788 3275 864 3350 quod
879 3286 908 3331 te
926 3275 986 3348 jam
1008 3276 1038 3332 in
1060 3277 1116 3332 hdc
1139 3277 1210 3333 urbe

225 3352 372 3410 delectare
386 3350 498 3424 possitl
520 3351 549 3407 in
567 3351 624 3424 qual
645 3371 731 3409 nemo
750 3363 794 3408 est
815 3352 911 3427 (extra
932 3352 1016 3408 istam
1037 3354 1209 3428 conjuratio-

225 3451 292 3490 nem
314 3429 489 3506 perditorum
511 3428 686 3506 hominum),
701 3429 750 3503 qui
772 3439 800 3485 te
821 3448 879 3486 non
901 3440 1029 3499 metuat;
1050 3450 1146 3499 nemo,
1160 3431 1209 3504 qui

225 3531 284 3568 uon
305 3508 404 3567 oderit.
446 3507 524 3568 Quat
545 3517 612 3564 nota
633 3507 800 3563 domesticae
827 3507 1013 3582 turpitudinis
1034 3527 1091 3564 non
1114 3508 1209 3566 inusta
1243 3551 1246 3557 .

173 3591 209 3643 40
227 3591 290 3646 vitae
306 3601 361 3645 tuae
376 3580 442 3644 est'l
463 3585 537 3662 quod
550 3586 723 3661 privatarum
736 3604 831 3642 rerum
843 3585 971 3647 dedecus
982 3606 1040 3642 nou
1052 3586 1141 3643 haeret
1153 3580 1235 3663 [in-¹¹*

227 3669 356 3746 samiae]l
378 3685 441 3742 quae
463 3666 550 3722 libido
572 3665 608 3720 ab
627 3664 729 3733 oculis,
744 3664 818 3739 quotl
842 3664 955 3721 facinus
970 3683 987 3720 a
1001 3665 1136 3721 manibus
1157 3686 1209 3722 un·

226 3765 311 3820 quam
326 3745 392 3815 tuis,
404 3745 478 3819 quod
496 3744 632 3820 flagitium
650 3763 665 3799 a
680 3754 738 3799 toto
753 3762 881 3817 corpore,
898 3743 1009 3800 abfuitl
1044 3744 1099 3800 Cui
1115 3754 1145 3800 tu
1161 3745 1209 3800 ad·

225 3825 413 3892 olescentulo,
428 3844 512 3900 quern
527 3823 753 3898 corruptelarum
767 3822 910 3879 illecebris
925 3821 1075 3887 irretisses,
1087 3842 1143 3879 non
1160 3833 1209 3879 aut

226 3903 262 3960 ad
285 3901 436 3960 audaciam
458 3902 574 3975 ferrum,
597 3911 645 3959 aut
673 3901 709 3960 ad
736 3900 887 3960 libidinem
915 3901 1018 3973 facem,
1039 3901 1208 3976 praetutisrit
