2775 4425
370 374 506 425 ORATIO
528 374 597 425 PRO
619 373 718 425 Lauta
739 374 905 426 mantula,
1144 374 1182 433 61

145 542 184 597 q
166 521 252 579 rbus
273 518 484 577 conditionibus
510 518 893 609 proficiscantur,1guoraut
918 518 1054 577 videlicet
1077 516 1136 589 isti,

147 601 196 675 qui
218 599 255 655 ad
276 616 366 655 uuum
387 597 542 655 deserenda
562 618 629 695 eosq
644 598 743 657 omnia
762 618 819 655 non
840 598 1033 656 arbitranturl
1052 594 1136 687 quasi

84 684 86 687 '
148 677 216 735 verb
238 677 292 734 Οιι.
316 678 482 752 Pompeium
509 696 576 747 non,
597 674 665 733 cum
691 676 752 733 suis
778 677 940 749 virtutibus,
959 688 1021 735 tum
1048 676 1136 734 etiam

150 756 252 815 alienis
266 755 351 825 vitiis,
367 774 503 831 magnum
516 774 580 813 esse
594 756 751 812 videamus

187 834 302 903 Quare,
317 834 406 891 nolite
419 834 560 904 dubitare,
575 835 646 910 quin
660 834 730 891 huic
743 833 794 891 uni
814 834 941 893 credatis
958 834 1066 905 omnia,
1086 832 1136 911 qui
1167 842 1186 896 5

150 914 224 970 inter
241 930 329 969 annos
342 922 384 969 tot
403 932 478 969 unus
499 913 631 970 inventus
645 912 691 983 sit,
712 931 798 988 quem
821 913 893 971 socii
914 914 944 971 in
964 913 1051 971 urbes
1070 930 1138 971 suas

150 1010 219 1049 cunr
252 990 380 1048 exercitu
407 991 518 1049 venisse
544 992 698 1068 gaudeant.
743 991 836 1053 Quod
865 992 890 1050 si
920 992 1138 1051 auctoritatibus

150 1070 228 1127 hanc
258 1088 386 1139 causam,
405 1069 548 1142 Quirites,
576 1070 803 1129 confirmandam
829 1071 954 1146 putatis;
988 1080 1032 1129 est
1058 1070 1138 1128 vobis

150 1158 262 1219 auctor,
277 1147 320 1204 vir
342 1114 480 1206 bellorum
503 1149 632 1207 omnium
654 1148 899 1224 maximarumque
919 1168 1016 1208 rerum
1028 1147 1139 1239 peritis·

72 1256 74 1259 ·
149 1227 251 1296 simus,
273 1226 304 1283 P.
327 1226 480 1298 Servilius;
511 1227 595 1303 cujus
620 1237 708 1284 tante
733 1246 780 1285 res
797 1239 887 1305 geste
905 1227 983 1286 terri
1010 1228 1138 1317 marique
1153 1234 1188 1288 10

150 1305 332 1374 exstiterunt,
347 1315 387 1376 ut,
402 1302 470 1364 ciam
485 1306 521 1363 de
536 1305 611 1364 bello
623 1305 798 1377 deliberetis,
813 1317 913 1365 auctor
933 1307 1012 1364 vobis
1025 1308 1138 1397 gravior

150 1402 215 1441 esse
236 1402 322 1440 nemo
342 1350 462 1441 debeat:
484 1384 581 1441 estC.
597 1383 698 1454 Curio,
719 1384 838 1441 summis
858 1385 959 1443 vestris
978 1385 1138 1456 beneficiis,

149 1461 342 1535 maximisque
355 1463 441 1519 rebus
454 1464 552 1553 gestis,
566 1482 678 1521 summo
692 1461 809 1539 ingenio
827 1474 857 1520 et
869 1464 1022 1539 prudentia
1041 1462 1140 1552 predi·

149 1551 215 1597 tus:
237 1551 281 1596 est
294 1540 349 1597 Cn.
365 1540 537 1614 ΙιιιιιιιιΙιιιι,Ι
530 1562 559 1599 m
575 1562 631 1616 quo
643 1560 753 1610 omnes,
762 1560 819 1616 pro
839 1540 1020 1631 amplissimis
1039 1540 1141 1599 vestris

150 1618 320 1708 honoribus,
348 1638 490 1677 summum
517 1620 680 1691 consilium,
699 1634 850 1677 summam
877 1619 1057 1696 gravitatem,
1076 1638 1140 1677 esse
1155 1624 1190 1679 15

150 1696 344 1773 cognoscitis:
372 1698 470 1755 estO.
493 1698 622 1770 Cassius,
644 1698 818 1775 integritate,
838 1699 951 1768 virtute,
979 1697 1141 1757 mussantis

150 1775 301 1853 singulari.
341 1776 454 1847 Quare,
475 1776 579 1849 videte,
601 1787 641 1849 ut,
656 1778 757 1835 horum
778 1743 1006 1851 auetoritatibus,
1026 1778 1141 1836 illorum

149 1854 274 1913 orationi
289 1874 337 1928 qur
329 1822 523 1951 dissenliunt
525 1824 717 1932 ,respoirdere
730 1876 812 1933 posse
825 1856 982 1915 videamur.
1073 1898 1080 1909 .

192 1932 310 1990 XXIV.
347 1933 425 1995 Quae
456 1932 523 1991 cum
554 1934 594 1993 ita
614 1934 680 2005 sint,
702 1935 737 1993 G.
759 1935 873 2005 Manili,
901 1934 1027 2012 primdm
1054 1934 1140 1993 istam

151 2022 234 2069 tuam
248 2023 277 2069 et
290 2012 394 2089 legem,
409 2022 438 2070 et
452 2013 636 2085 voluntatem,
650 2024 679 2072 et
693 2014 865 2071 sententiam
878 2014 975 2086 laudo,
988 2015 1142 2073 vehemen-
1153 2015 1191 2069 2⁰

151 2088 321 2166 tissimdque
341 2092 511 2181 comprobo:
533 2091 637 2149 deinde
656 2102 686 2150 te
706 2094 812 2162 hortor,
833 2102 875 2163 ut,
896 2104 1014 2150 auctore
1039 2092 1143 2181 ιιοιιιιΙιι

152 2169 299 2240 Romano,
313 2188 432 2228 maneas
446 2170 475 2228 in
490 2171 643 2242 sententia,
657 2189 730 2229 neve
750 2170 921 2260 cujusquam
941 2171 1000 2229 vim
1020 2181 1071 2228 aut
1089 2170 1142 2227 mi·

153 2267 207 2306 nas
227 2249 420 2324 pertimescas.
469 2248 640 2321 Primum,'
632 2269 661 2307 in
682 2259 712 2307 te
732 2249 803 2306 satis
821 2269 886 2307 esse
907 2250 997 2307 animi
1015 2267 1145 2326 perseve-

154 2326 311 2403 rantiaeque
333 2327 468 2387 arbitror:
490 2329 605 2400 deinde,
621 2347 689 2386 cum
710 2340 821 2385 tantam
840 2328 1055 2386 multitudinem
1075 2347 1143 2387 cum
1233 2384 1239 2407 Ι

155 2415 235 2464 tanto
263 2405 358 2464 studio
388 2407 488 2464 adesse
516 2407 674 2478 videamus,
701 2417 841 2482 quantum
870 2425 950 2466 nuno
979 2406 1083 2465 iterum
1113 2406 1143 2464 in
1156 2407 1193 2466 25

154 2486 256 2542 eodem
277 2483 392 2542 homine
412 2485 595 2561 praeficiendo
616 2486 764 2556 videmus;
785 2486 856 2562 quid
875 2496 919 2544 est
921 2485 1022 2560 ‚qubd
1036 2496 1086 2543 aut
1106 2485 1143 2543 da

155 2583 196 2633 re,
219 2573 268 2620 aut
287 2563 324 2620 de
342 2564 512 2638 perficiendi
532 2565 678 2635 facultate,
708 2531 893 2624 dubitemusl
942 2565 1007 2656 Ego
1035 2576 1143 2636 autem,

153 2641 316 2715 quidquid'
310 2661 338 2698 m
360 2661 406 2699 me
426 2653 470 2699 est
490 2643 587 2714 studii,
603 2610 725 2716 consilii,
739 2645 877 2716 laboris,
869 2644 989 2722 ingenii,
1004 2609 1143 2740 quidquid

156 2721 211 2777 hoc
225 2719 367 2777 beneficio
379 2721 475 2809 populi
495 2721 632 2793 Romani,
656 2733 741 2798 atque
764 2726 821 2783 h'ac
840 2734 979 2800 potestate
1001 2721 1143 2799 praetoria,

155 2797 295 2872 quidquid
316 2799 496 2870 auctoritate,
516 2800 583 2871 fide,
605 2768 766 2860 obustantid
784 2822 916 2878 ιιοιιιιιιιι
938 2803 968 2858 id
989 2821 1086 2872 omne,
1107 2801 1193 2858 adas

155 2878 233 2934 hanc
246 2895 307 2934 rem
328 2877 548 2949 conficiendam,
562 2847 614 2936 tibi
635 2891 664 2938 et
683 2882 787 2958 populo
806 2881 941 2938 Romano
959 2847 1094 2975 polliceoi
1114 2890 1144 2935 et

155 2955 262 3012 desero.
317 2954 478 3032 Testorque
499 2974 600 3016 omnes
623 2959 714 3028 Deos,
737 2969 767 3014 et
788 2978 838 3014 eoa
857 2958 983 3014 maxime
1004 2957 1054 3031 qui
1074 2957 1145 3013 buic

156 3034 220 3090 loco
241 3033 404 3110 temploque
427 3036 590 3111 praesident,
613 3037 662 3124 qui
682 3035 812 3130 purnium
832 3045 944 3090 mentes
963 3052 1074 3103 eorum,
1094 3033 1146 3106 qui

157 3114 194 3169 ad
208 3131 269 3170 rem
283 3113 428 3187 publicam
443 3115 561 3185 adeunt,
571 3112 696 3171 maxime
710 3112 896 3189 perspiciunt,
915 3130 962 3168 me
980 3112 1036 3170 hoc
1049 3129 1144 3198 neque

107 3192 112 3201 '
155 3201 258 3268 rogatu
279 3191 374 3248 facere
395 3193 575 3268 cujusquam,
598 3211 692 3266 neque
714 3190 771 3266 ιιιιό
795 3192 850 3248 Cn.
874 3190 1002 3266 Pompeii
1022 3188 1145 3278 gratiam
1158 3199 1194 3252 35

156 3269 228 3326 mihi
241 3289 291 3344 per
306 3271 382 3328 hanc
395 3289 514 3328 causam
529 3271 678 3330 conciliari
692 3280 808 3346 putem;
829 3289 923 3344 neque
943 3288 1000 3344 quo
985 3267 1095 3337 mihi,
1110 3285 1146 3323 ex

53 3369 56 3374 ·
156 3348 326 3423 cujusquam
341 3350 538 3425 amplitudine,
554 3361 603 3408 aut
615 3349 748 3447 praesidia
760 3348 907 3426 periculis,
917 3359 966 3406 aut
981 3349 1147 3424 adjumenta

156 3427 322 3498 bonoribus,
336 3446 479 3502 quaeram3
494 3441 643 3519 propterea
657 3427 735 3524 qud
748 3428 878 3505 pericula
897 3427 995 3498 facile,
1010 3439 1043 3484 ut
1056 3425 1150 3482 homi·

65 3515 68 3522 ’
156 3524 224 3562 nem
238 3515 372 3581 praestare
391 3519 511 3584 oportet,
526 3506 691 3566 innocentia
713 3506 793 3578 tecti,
817 3507 1003 3582 repellemus:
1024 3506 1146 3562 bonores

156 3595 254 3640 autern
275 3603 369 3658 neque
390 3587 426 3642 ab
447 3606 505 3644 unu
507 3605 622 3662 ,neque
643 3607 678 3644 ex
699 3587 755 3644 hoc
774 3553 848 3655 ibeo,
862 3585 912 3640 sed
926 3583 1030 3641 eadem
1049 3581 1146 3640 nostra
1160 3589 1196 3644 to

156 3660 205 3719 illa
220 3661 443 3722 laboriosissima
463 3665 573 3723 ratione
594 3665 668 3737 vitat,
683 3665 708 3722 si
721 3677 815 3723 vestra
834 3662 965 3720 voluntas
985 3661 1065 3733 seret,
1080 3680 1148 3719 con·

155 3758 319 3815 sequemur.
884 3782 902 3822 5

194 3819 405 3892 Quamobrem,
427 3822 592 3898 quidquid'
585 3842 614 3880 ιιι
634 3825 690 3880 hac
711 3841 799 3880 causa
819 3823 891 3878 mnu
910 3835 1074 3896 susceptum
1093 3834 1147 3893 est,

154 3898 299 3969 Quirites,
314 3899 343 3958 id
357 3921 442 3959 omne
456 3921 502 3959 ma
516 3901 682 3978 reipublicae
701 3902 791 3959 causi
811 3899 972 3976 suscepisse
992 3899 1149 3958 confirmo:
1212 3968 1216 3969 ⁷
