2775 4425
216 373 273 434 1³4
519 368 655 419 οιιιιιιο
676 367 715 418 ιιι
737 366 775 417 ιι.
797 367 999 418 aaronica.

265 515 344 585 bare,
365 534 402 572 ne
422 533 480 572 non
500 523 666 590 putaremus
685 512 789 571 naturd
809 523 838 570 te
856 512 984 589 potuisse
1007 522 1070 569 tam
1097 511 1247 589 improbum

265 593 397 664 evadere,
412 593 467 650 nisi
483 593 652 651 accessisset
666 593 753 649 etiam
768 592 941 669 disciplinal

305 671 392 729 VIII.
428 672 505 730 Tam
519 682 615 729 autem
630 691 694 729 eras
710 691 820 742 excors,
836 681 876 742 ut,
890 671 949 730 toti
965 671 994 728 in
1008 670 1148 741 oratione,
1159 681 1247 728 tecum

266 750 325 828 ipse
339 770 482 828 pugnares
490 772 497 822 ;
520 762 551 808 ut
565 771 622 809 non
636 749 721 808 modo
737 771 794 808 non
812 751 986 808 cohaerentia
1000 751 1076 807 inter
1090 770 1121 808 se
1135 750 1248 822 diceres,

230 833 248 885 5
266 830 316 888 sed
330 829 455 888 maxime
470 831 613 907 disjuncta
635 841 719 906 atque
738 831 897 899 contraria;
919 840 951 886 ut
964 849 1023 886 non
1037 839 1120 886 tanta
1132 849 1248 900 mecum,

265 920 374 985 quanta
393 920 500 980 tecum,
514 910 567 968 tibi
587 919 663 967 esset
677 909 842 967 contentiol
876 909 1024 966 Vitricum
1038 918 1121 965 tuum
1135 909 1163 966 in
1177 919 1250 966 tauto

266 988 354 1046 suisse
368 989 478 1046 scelere
492 955 637 1058 latebam,
658 1007 744 1064 poena
760 989 895 1045 affectum
908 987 1078 1064 querebare.
1113 987 1160 1044 Ita
1160 989 1250 1062 ,quod

266 1065 378 1144 proprie
399 1087 494 1126 meum
516 1078 569 1139 est,
583 1068 725 1125 laudasti.
745 1067 821 1142 quod
841 1077 932 1125 totum
952 1067 1074 1124 senatus
1093 1077 1146 1138 est,
1165 1085 1251 1143 repre·

267 1147 410 1206 hendisti:
440 1167 507 1204 narn
535 1146 752 1223 comprehensio
772 1147 906 1217 sontium,
927 1165 1012 1215 mea;
1039 1146 1250 1216 animadversio,

216 1231 249 1285 10
267 1226 383 1283 senatis
398 1225 459 1284 luit.
501 1226 597 1285 Homo
619 1225 743 1284 disertus
763 1244 821 1283 non
840 1192 984 1302 inteiligit,
1000 1245 1079 1295 eum,
1093 1245 1177 1301 quem
1191 1245 1252 1282 con·

268 1315 312 1362 tra
325 1305 406 1377 dicit,
421 1305 532 1364 laudari
548 1325 565 1362 a
579 1325 626 1376 se;
648 1325 707 1376 eos,
723 1305 799 1381 apud
811 1324 883 1381 quos
896 1306 978 1375 dicit,
993 1305 1159 1380 vituperari.

308 1384 375 1441 Jam
402 1385 472 1442 illud
500 1385 582 1460 cujus
609 1395 661 1455 est,
683 1405 740 1442 non
761 1384 827 1441 dico
849 1385 989 1453 audacia,
1014 1383 1111 1460 (cupit
1130 1384 1206 1442 enim
1224 1403 1253 1439 se

270 1465 410 1521 audacem
432 1465 505 1543 dici)
525 1465 575 1522 sed
597 1464 686 1540 (quod
708 1461 827 1520 minimd
848 1464 921 1541 vult)
943 1464 1085 1533 stultitiae,
1099 1463 1156 1539 qua
1170 1463 1254 1520 vincit

268 1561 377 1614 omnes,
392 1544 459 1601 clivi
474 1544 630 1620 Capitolini
643 1543 817 1600 mentionem
833 1541 939 1613 facere,
950 1540 1020 1599 clim
1035 1543 1111 1600 inter
1125 1541 1254 1599 subsellia

221 1637 251 1690 15
269 1634 366 1680 nostra
377 1634 524 1681 versentur
539 1623 660 1681 armatii
682 1621 751 1679 edm
765 1622 794 1678 in
809 1623 865 1678 hac
879 1622 954 1679 cella
968 1622 1152 1692 Concordia,
1165 1621 1195 1697 (o
1208 1621 1254 1677 Dii

269 1701 474 1781 immortalesl)
497 1703 527 1760 in
543 1702 610 1777 qud,
629 1699 675 1758 me
697 1701 824 1771 consule,
843 1701 983 1759 salutares
1003 1701 1156 1758 sententiae
1175 1701 1254 1757 dictae

268 1790 344 1850 sunt,
365 1780 469 1855 quibus
496 1781 532 1838 ad
560 1783 635 1838 hanc
664 1780 741 1837 diem
762 1781 894 1851 viximus,
915 1799 983 1837 cum
1003 1780 1112 1856 gladiis
1132 1781 1255 1837 homines

268 1859 401 1915 collocati
412 1869 495 1916 stent.
527 1861 646 1917 Accusa
656 1868 807 1916 senatum:
830 1879 937 1916 accusa
947 1870 1112 1935 equestrem
1120 1860 1255 1928 ordinem,

268 1935 317 2011 qui
337 1946 398 1994 tum
420 1956 488 1994 cum
508 1948 610 1996 senatu
630 1938 780 2014 copulatus
801 1939 872 1996 fuit:
895 1957 1002 1996 accusa
1018 1958 1123 1996 omnes
1137 1938 1255 2007 ordines,

215 2027 251 2081 20
267 2035 367 2074 omnes
388 2015 475 2088 cives,
496 2018 565 2074 dum
586 2018 751 2088 confiteare,
773 2018 852 2075 hunc
871 2019 1011 2089 ordinem,
1033 2019 1092 2077 hoc
1112 2018 1173 2095 ipso
1191 2027 1256 2074 tern-

268 2114 346 2185 pore,
362 2097 398 2152 ab
418 2095 550 2173 Ithyraeis
564 2063 779 2155 circumsedeii.
821 2097 896 2155 Haec
916 2107 947 2154 tu
967 2117 1024 2155 non
1045 2109 1161 2174 propter
1176 2097 1256 2153 auda-

269 2175 345 2234 ciam
368 2175 441 2235 dicis
463 2185 522 2235 tam
546 2177 736 2255 impudenter,
751 2176 801 2234 sed
822 2176 890 2254 quia
910 2187 1020 2235 tantam
1041 2197 1140 2235 rerum
1161 2195 1256 2265 repug-

269 2257 398 2314 nantiam
420 2277 477 2315 ιιοιι
499 2258 586 2315 vides.
629 2257 711 2314 Nihil
735 2255 863 2332 profecto
887 2258 972 2332 sapis
1012 2256 1099 2318 Quid
1119 2267 1164 2314 est
1183 2256 1256 2314 enim

270 2336 442 2407 dementius,
473 2335 569 2411 qudm,
601 2335 669 2395 crim
698 2336 758 2412 ipse
786 2336 951 2413 reipublicae
984 2337 1150 2413 perniciosa
1183 2353 1257 2393 arma

216 2430 252 2485 25
270 2414 390 2490 ceperis,
405 2415 532 2504 objicere
548 2416 628 2474 alteri
643 2415 801 2473 salutarial

309 2494 350 2550 At
374 2492 461 2549 etiam
487 2494 609 2568 quodam
633 2495 697 2551 loco
724 2495 835 2552 facetus
858 2514 921 2552 esse
943 2494 1064 2553 voluisti.
1106 2491 1207 2557 Quam
1229 2492 1256 2549 id

270 2568 335 2645 (Dii
349 2570 448 2659 boni!)
471 2590 528 2628 non
549 2573 690 2630 decebat!
733 2573 769 2631 In
789 2594 846 2649 quo
865 2584 908 2631 est
928 2583 979 2631 tua
999 2575 1086 2665 culpa
1105 2574 1256 2633 nonnulla:

270 2648 378 2721 aliquid
392 2648 470 2706 enim
484 2650 552 2707 salis
567 2652 602 2707 ab
617 2671 705 2709 uxore
718 2653 808 2710 mirna
821 2654 935 2710 trahere
948 2654 1074 2729 potuisti.
1118 2661 1137 2687 “
1130 2654 1258 2711 ‘Cedant

270 2745 349 2785 arma
362 2728 464 2805 togae.''
494 2729 600 2791 Quidl
622 2740 683 2787 tum
704 2751 800 2789 nonne
821 2734 989 2790 cesseruntl
1023 2735 1065 2790 At
1085 2745 1185 2809 postea
1204 2731 1258 2787 tuis

215 2820 251 2873 30
270 2806 356 2864 armis
377 2807 463 2865 cessit
483 2818 558 2886 toga
598 2809 774 2871 Quaeramus
798 2812 895 2887 igitur,
917 2822 1012 2869 utrum
1034 2814 1138 2871 melius
1159 2811 1256 2879 fuerit;

268 2885 394 2945 libertati
420 2888 516 2965 populi
543 2888 671 2947 Romani
699 2890 902 2948 sceleratorum
925 2910 1014 2962 arma,
1037 2910 1073 2949 an
1097 2892 1258 2949 libertatem

270 2976 395 3025 nostram
417 2966 503 3025 armis
524 2970 590 3040 tuis,
609 2969 721 3027 cedere
763 2969 829 3027 Nec
849 2967 917 3027 verb
938 2971 991 3028 tibi
1011 2971 1048 3028 de
1068 2972 1199 3029 versibus
1218 2989 1258 3025 re·

269 3047 432 3122 spondebo:
454 3056 566 3107 tantum
580 3015 676 3106 dicam
697 3048 830 3119 breviter,
845 3068 939 3124 neque
960 3049 1023 3107 illos
1037 3070 1131 3124 neque
1145 3049 1217 3105 ullas
1230 3058 1258 3104 tc

269 3126 387 3186 omnino
399 3126 497 3185 literas
511 3127 616 3187 nosse:
637 3148 684 3185 me
699 3147 754 3186 nec
768 3128 933 3203 reipublicae
947 3148 1004 3186 nec
1018 3129 1120 3186 amicis
1134 3144 1257 3203 unquam

217 3219 252 3273 35
271 3205 406 3276 defuisse,
434 3216 463 3263 et
489 3217 587 3266 tamen
614 3208 692 3265 omni
719 3227 826 3283 genere
852 3218 1103 3265 monumentorum
1132 3223 1257 3265 meorum

269 3284 424 3361 perfecisse
445 3286 539 3361 operis
559 3286 727 3357 subsecivis,
743 3297 774 3343 ut
794 3306 865 3343 rneoe
879 3286 995 3363 vigilia,
1009 3306 1138 3362 meaeque
1160 3287 1256 3353 literae,

270 3373 299 3421 et
310 3363 453 3439 juventuti
468 3364 609 3435 utilitatis,
624 3374 653 3423 et
666 3365 776 3423 nomini
791 3365 926 3424 Romano
938 3366 1042 3438 laudis,
1058 3366 1165 3442 aliquid
1180 3364 1257 3421 affer·

270 3454 342 3501 rent.
385 3443 443 3501 Sed
458 3444 521 3501 haec
534 3464 592 3503 non
607 3444 692 3519 hujus
707 3445 857 3521 temporis:
880 3447 915 3502 ad
931 3446 1039 3521 majora
1052 3446 1209 3503 veniamus.

310 3522 365 3581 IX.
406 3522 438 3580 P.
464 3523 598 3581 Clodium
625 3543 691 3582 meo
718 3524 838 3582 consilio
861 3524 1044 3582 interiectum
1068 3544 1130 3582 esse
1153 3521 1254 3580 dixisti.

217 3610 252 3662 40
269 3601 421 3663 Quidnam
443 3602 573 3661 homines
592 3613 736 3680 putarent,
751 3604 776 3661 si
790 3613 851 3660 tum
868 3604 983 3662 occisus
1001 3615 1086 3675 esset,
1102 3602 1168 3661 cdm
1183 3614 1213 3659 tu
1227 3600 1257 3657 il·
1358 3597 1359 3604 '

269 3680 372 3739 lumin
389 3681 458 3752 foro,
474 3681 652 3773 inspectante
672 3683 779 3773 populo
796 3682 939 3754 Romano,
954 3684 1050 3759 gladio
1070 3684 1168 3741 stricto
1187 3682 1256 3738 inse·

270 3768 355 3815 cutus
375 3779 406 3816 es
410 3762 634 3837 ,negotiumque
654 3762 853 3839 transegisses,
868 3763 925 3820 nisi
946 3763 994 3820 ille
1014 3783 1045 3821 se
1067 3764 1096 3820 in
1113 3761 1205 3819 scalas
1217 3770 1256 3815 ta·

271 3836 366 3892 barnae
387 3805 511 3897 libraria
532 3841 713 3915 conjecisset,
735 3842 836 3916 bisque
861 3842 994 3918 oppilatis
1021 3843 1156 3919 impetum
1176 3851 1255 3897 tuum

271 3914 505 3983 compressisset?
538 3916 625 3998 [Sed]
642 3920 734 3995 quidl
755 3940 810 3996 ego
824 3919 926 3977 favisse
945 3940 992 3979 me
1005 3921 1173 3991 tibifateor;
1194 3936 1255 3977 sua·
