2775 4425
218 371 259 429 48
488 371 624 421 ORATIO
647 372 717 422 PRO
739 372 836 423 LEGE
859 371 1024 453 MAMILIA.

270 522 432 571 concinant.
473 514 575 576 Quare
595 514 700 585 videte,
714 534 784 571 num
804 515 995 572 dubitandum
1016 515 1095 573 vobis
1115 516 1161 587 sit,
1174 515 1262 574 omni

269 593 363 649 studio
377 593 413 649 ad
428 593 456 649 id
472 594 577 650 bellurn
592 593 769 664 incumbere,
784 594 813 651 in
835 613 891 667 quo
911 595 1003 670 gloria
1020 596 1145 652 nominis
1157 597 1262 667 vestri,

269 670 345 727 salus
366 672 517 742 sociorum,
532 672 684 747 vectigalia
705 673 839 743 maxima,
859 673 978 730 fortunae
997 674 1183 749 plurimorum
1197 675 1264 731 civ·

269 748 338 818 ium,
354 768 420 806 cum
435 751 582 825 republicis
597 750 795 808 defendantur.

233 837 251 889 5
309 828 394 885 VIII.
428 829 577 890 Quoniam
597 830 633 885 de
654 848 760 905 genere
781 830 848 887 belli
869 829 938 900 dixi,
956 849 1036 887 nunc
1056 830 1093 886 de
1112 830 1261 906 magnitu-

268 906 335 964 dine
348 926 442 983 pauca
455 908 559 965 dicam.
594 908 690 965 Potest
700 908 778 964 enim
789 909 844 967 boc
853 908 932 965 dici:
953 908 1021 965 belli
1032 928 1124 985 genus
1135 928 1200 966 esse
1215 910 1261 967 ita

268 987 472 1057 necessarium,
484 997 515 1043 ut
526 986 563 1043 sit
572 987 741 1062 gerendum,
752 1004 809 1044 non
819 1006 882 1044 esse
893 987 933 1043 ita
942 1005 1090 1063 magnum,
1104 998 1136 1044 ut
1146 988 1181 1044 sit
1191 1007 1261 1063 per·

267 1064 486 1123 timescendum.
520 1064 556 1123 ln
571 1084 627 1138 quo
640 1064 765 1126 manime
779 1066 967 1123 laborandum
978 1076 1030 1136 est,
1041 1085 1080 1122 ne
1093 1065 1164 1123 forte
1179 1084 1198 1121 a
1208 1084 1261 1124 vo-

268 1143 322 1213 bis,
346 1163 409 1217 que
429 1142 647 1220 diligentissime
668 1143 843 1219 providenda
862 1153 938 1215 sunt,
959 1145 1171 1201 contemnenda
1190 1164 1260 1202 esse

218 1228 251 1281 10
268 1222 425 1279 videantur.

307 1301 415 1373 Atque,
436 1310 467 1357 ut
486 1320 586 1358 omnes
607 1300 778 1377 intelligant,
799 1320 846 1357 me
872 1300 906 1357 L.
928 1299 1051 1358 Lucullo
1070 1310 1182 1358 tantum
1203 1301 1262 1358 im·

268 1380 365 1454 pertiri
379 1380 482 1450 laudis,
498 1390 635 1453 quantum
657 1380 804 1449 sortione,
819 1390 847 1436 et
868 1379 1077 1454 sapientissimo
1092 1380 1210 1450 homini,
1227 1390 1261 1436 et

268 1476 373 1534 magno
394 1458 564 1534 imperatori,
586 1459 740 1526 debeatur3
775 1458 850 1528 dico,
871 1458 934 1532 ejus
961 1458 1094 1528 adventu,
1115 1458 1261 1514 maximas

270 1535 446 1593 Mithridatis
467 1538 563 1613 copias
582 1537 716 1594 omnibus
742 1537 828 1593 rebus
852 1546 967 1592 ornatas
995 1546 1079 1609 atque
1100 1536 1261 1593 instructas

219 1627 252 1679 15
270 1614 374 1684 fuisse3
397 1616 553 1689 urbemque
574 1615 652 1671 Asiae
667 1614 866 1684 clarissimam,
879 1615 1019 1688 nobisque
1039 1614 1259 1685 amicissimam,

270 1693 493 1767 Cyzicenorum,
507 1693 652 1750 obsessam
672 1712 736 1750 esse
757 1694 794 1750 ab
814 1692 874 1768 ipso
894 1712 962 1768 rege
982 1692 1106 1748 maxima
1127 1692 1261 1749 multitu-

269 1772 347 1840 diue,
368 1780 397 1827 et
425 1782 617 1846 oppugnatam
647 1769 916 1840 vehementissime;
951 1789 1036 1844 quam
1059 1770 1093 1827 L.
1114 1769 1260 1828 Lucullus

270 1849 384 1917 virtute,
405 1849 580 1919 assiduitate,
602 1850 730 1920 consilio,
755 1850 874 1906 summis
893 1849 1049 1906 obsidionis
1067 1849 1203 1924 periculis
1224 1851 1261 1907 li·

271 1926 397 1983 beravit:
420 1927 570 1984 abeodem
585 1927 754 2002 imperatore
768 1928 890 1985 classem
910 1946 1045 2003 magnam
1065 1937 1094 1983 et
1113 1938 1259 1999 ornatam,

217 2019 253 2072 ρο
270 2024 343 2079 quae,
364 2005 487 2063 ducibus
508 2006 690 2077 Sertorianis,
710 2008 746 2063 ad
767 2005 882 2063 Italiam
901 2006 996 2063 studio
1016 2004 1192 2064 inflammato
1212 2026 1261 2063 ra·

269 2096 393 2160 peretur,
415 2093 576 2160 superatam
596 2104 659 2142 esse
680 2095 765 2160 atque
784 2085 964 2160 depressam:
991 2102 1111 2159 magnas
1132 2084 1260 2141 hostium

269 2174 407 2241 praeterea
427 2164 523 2241 copias
543 2164 640 2223 multis
659 2164 766 2240 proeliis
786 2183 849 2222 esse
870 2164 997 2221 deletas:
1024 2162 1260 2239 patefactumque

270 2245 374 2301 nostris
387 2245 548 2321 legionibus
562 2263 625 2302 esse
645 2243 779 2315 Pontum,
792 2243 842 2318 qui
863 2241 930 2300 antri
951 2242 1053 2318 populo
1072 2242 1206 2299 Romano
1220 2263 1260 2300 ex

270 2323 348 2380 omni
370 2324 449 2379 aditu
463 2324 578 2380 clausus
591 2333 683 2380 esset:
705 2322 831 2397 Sinopen
846 2333 931 2395 atque
945 2321 1078 2378 Amisum
1094 2320 1211 2397 (quibus
1226 2321 1259 2378 in

218 2415 254 2468 25
271 2401 381 2476 oppidis
400 2412 482 2458 erant
496 2401 643 2458 domicilia
656 2400 742 2476 regis,
755 2400 889 2458 omnibns
902 2400 987 2457 rebus
1000 2410 1101 2456 ornata
1115 2410 1199 2473 atque
1212 2419 1259 2456 re-

272 2480 368 2556 ferta),
383 2490 558 2552 ceterasque
573 2479 658 2536 urbes
676 2478 760 2536 Ponti
773 2490 803 2536 et
815 2478 1006 2554 Cappadociae
1019 2477 1183 2553 permultas,
1198 2496 1261 2535 uno

273 2557 352 2613 aditu
371 2566 455 2630 atque
470 2558 593 2614 adventu
607 2577 670 2614 esse
684 2568 799 2633 captas:
820 2575 928 2634 regem,
943 2556 1094 2632 spoliatum
1107 2575 1197 2632 regno
1207 2575 1260 2631 pa-

271 2635 326 2692 trio
347 2645 431 2709 atque
453 2636 536 2706 avito,
558 2636 594 2692 ad
616 2636 685 2693 alios
705 2655 737 2693 se
757 2655 840 2712 reges
861 2647 946 2709 atque
969 2635 1040 2691 alias
1069 2644 1170 2710 gentes
1192 2653 1260 2709 sup-

271 2713 375 2789 plicem
397 2715 570 2771 contulisse:
592 2724 677 2788 atque
698 2715 761 2771 haec
781 2715 887 2783 omnia,
909 2713 994 2770 salvis
1012 2713 1108 2788 populi
1129 2712 1258 2769 Romani

219 2800 255 2854 30
272 2793 367 2862 sociis,
383 2803 467 2866 atque
488 2792 607 2870 integris
627 2793 826 2869 vectigalibus,
847 2812 910 2849 esse
930 2802 1018 2867 gesta
1060 2791 1138 2854 Satis
1157 2791 1259 2865 opinor

252 2872 327 2928 ·hcc
348 2891 409 2928 esse
430 2872 539 2942 laudis;
562 2884 646 2946 atque
667 2872 716 2941 ita,
730 2871 872 2940 Quirites,
887 2881 919 2927 ut
939 2871 993 2927 boc
1011 2888 1060 2926 vos
1080 2868 1257 2944 intelligatis,

273 2969 289 3006 a
303 2951 381 3008 nullo
396 2950 523 3022 istorum,
537 2951 586 3026 qui
600 2950 668 3008 huic
681 2951 843 3008 obtrectant
856 2949 913 3024 legi
928 2958 1013 3023 atque
1031 2966 1137 3018 causae,
1151 2947 1185 3004 L.
1199 2946 1259 3003 Lu-

273 3030 380 3086 cullum
395 3030 525 3087 similiter
539 3050 575 3087 ex
589 3031 643 3086 hoc
657 3030 798 3086 luccesse
811 3029 967 3084 laudatum.

312 3109 366 3166 IX.
402 3108 579 3182 Requiretur
600 3108 718 3165 fortasse
737 3125 826 3176 nunc,
841 3105 1091 3179 quemadmodum,
1106 3101 1174 3160 edm
1193 3103 1258 3160 haec

220 3194 256 3247 35
273 3188 314 3244 ita
333 3188 399 3256 sint,
414 3187 555 3260 reliquum
574 3186 662 3262 possit
681 3205 745 3242 esse
764 3203 901 3261 magnum
915 3183 1031 3240 bellurn.
1073 3182 1256 3258 Cognosclte,

272 3266 421 3327 Quirites:
442 3284 499 3322 non
514 3264 590 3320 enim
606 3265 660 3321 hoc
675 3264 737 3320 sine
751 3264 839 3321 causd
854 3262 942 3337 quaeri
956 3262 1076 3319 videtur.
1117 3257 1256 3330 Primiim,

273 3364 308 3401 ex
329 3363 381 3400 suo
401 3362 490 3418 regno
510 3342 553 3398 sic
578 3341 762 3398 Mithridates
784 3341 918 3417 profugit,
938 3349 971 3396 ut
991 3359 1026 3396 ex
1045 3339 1147 3397 eodem
1167 3337 1258 3395 Ponto

274 3422 381 3480 Medea
400 3421 450 3478 illa
469 3421 611 3495 quondam
632 3421 790 3496 profugisse
804 3420 925 3488 dicitur3
947 3437 1033 3493 quam
1045 3417 1213 3493 praedicant,
1228 3416 1258 3473 in

274 3502 352 3577 fugai,
368 3499 462 3556 fratris
482 3499 527 3556 sui
547 3500 675 3556 membra
690 3498 719 3555 in
734 3499 769 3555 iis
782 3498 863 3569 locis,
878 3498 935 3572 quii
949 3517 980 3554 se
992 3516 1097 3573 parens
1108 3513 1259 3570 perseque-

223 3584 257 3637 lo
275 3591 361 3650 retur,
383 3579 573 3654 dissipavisse,
594 3588 626 3634 ut
652 3596 750 3634 eorum
778 3577 909 3635 collectio
935 3576 1072 3651 dispersa,
1099 3591 1258 3646 moerorque

274 3660 392 3735 patrius,
407 3657 582 3714 celeritatem
596 3655 785 3732 persequendi
800 3656 965 3712 retardaret.
1000 3654 1051 3710 Sic
1065 3652 1257 3720 Mithridates,

277 3738 398 3812 fugiens
414 3737 567 3792 maximam
578 3735 634 3792 vim
646 3735 709 3791 auri
720 3745 804 3808 atque
816 3733 936 3809 argenti,
946 3730 1259 3808 pulcherrimarumque

276 3833 371 3872 rerum
385 3814 522 3883 omniurn,
537 3833 608 3888 quas
628 3822 658 3870 et
678 3831 694 3868 a
715 3812 869 3887 majoribus
883 3820 1044 3886 acceperat,
1058 3818 1087 3865 et
1101 3809 1171 3884 ipse,
1186 3807 1260 3864 bello

277 3891 420 3966 superiore
434 3910 470 3947 ex
483 3892 542 3947 tota
557 3891 630 3948 Asiir
644 3891 778 3965 direptas,
790 3890 819 3946 in
834 3907 917 3945 suum
932 3907 1052 3963 regnum
1066 3895 1259 3962 congesserat,

225 3973 259 4026 45
277 3970 306 4027 in
321 3968 410 4025 Ponto
424 3985 537 4024 omnem
552 3968 674 4046 reliquit.
718 3967 793 4024 Haec
812 3965 881 4023 dum
901 3966 990 4024 nostri
1011 3964 1151 4040 colligunt
1164 3963 1260 4022 omnia
