2775 4425
195 364 236 421 50
469 362 605 411 ORATIO
628 362 698 413 PRO
722 363 819 413 LEGE
840 364 1008 414 MANILIA.

284 506 323 563 X.
346 505 423 563 Satis
436 504 507 564 milri
521 506 612 563 multa
632 506 720 564 verba
742 506 844 565 fecisse
866 507 973 579 videor,
995 527 1084 584 quare
1104 510 1160 567 hoc
1172 510 1239 567 bel·

244 585 304 642 lum
319 596 391 642 esset
401 604 507 661 genere
522 585 582 660 ipso
595 587 801 656 necessarium,
810 587 1009 662 magnitudine
1022 588 1238 663 periculosum:

245 673 342 733 restat,
357 674 388 719 ut
401 665 437 721 de
453 665 621 739 imperatore
633 665 668 721 ad
683 665 713 721 id
728 664 833 721 bellum
848 665 1011 741 deligendo,
1027 684 1063 723 ac
1081 668 1169 724 tantis
1188 687 1239 725 re-

244 742 298 798 bus
311 742 502 818 preficiendo,
518 742 672 799 dicendum
687 762 750 799 esse
764 743 902 800 videatur.

212 830 231 883 5
284 821 412 891 Utinam,
425 819 567 892 Quirites,
582 821 705 878 virorum
727 821 842 878 fortium
863 833 947 896 atque
968 822 1165 881 innocentium
1185 844 1237 881 co-

243 900 321 975 piam
336 911 444 956 tantam
460 899 613 970 haberetis,
628 911 660 957 ut
673 900 736 956 haec
760 900 840 956 vobis
853 901 1022 959 deliberatio
1044 902 1169 959 difficilis
1189 922 1239 959 es-

245 988 298 1048 sct,
313 997 467 1053 quemnam
481 976 660 1053 potissimum
674 978 762 1035 tantis
776 979 862 1035 rebus
876 997 911 1036 ac
924 990 1004 1037 tanto
1018 980 1093 1037 bello
1112 981 1238 1055 praelici-

244 1058 351 1113 endum
365 1057 518 1132 putaretis!
548 1056 577 1113 N
580 1075 637 1114 uno
659 1054 738 1128 verb,
752 1075 820 1113 cum
843 1057 881 1113 sit
901 1076 976 1114 unus
997 1058 1053 1115 Cn.
1068 1057 1235 1134 Pompeius

244 1134 364 1210 quinon
377 1132 462 1192 modo
477 1154 573 1192 eorum
589 1135 746 1205 hominum,
760 1135 809 1210 qui
831 1155 910 1193 nunc
931 1146 1007 1207 sunt,
1029 1137 1158 1213 gloriam,
1179 1140 1235 1195 sed

199 1222 231 1275 10
245 1214 330 1271 etiam
347 1213 522 1288 antiquitatis
532 1214 710 1284 memoriam,
724 1214 828 1270 virtute
849 1214 1005 1290 superdrit3
1026 1235 1090 1290 quae
1111 1234 1157 1272 res
1176 1226 1234 1287 est,

244 1312 307 1367 quae
322 1292 489 1368 cujusquam
505 1292 632 1349 animum
647 1292 676 1349 in
691 1293 747 1349 hac
760 1292 849 1349 causei
864 1293 982 1350 dubium
1006 1294 1101 1351 lacere
1120 1295 1234 1369 possita

245 1370 308 1448 Ego
335 1372 412 1429 enim
434 1371 477 1428 sic
498 1371 638 1441 existimo,
662 1371 691 1427 in
713 1389 825 1427 summo
846 1372 1015 1447 imperatore
1037 1383 1157 1447 quatuor
1178 1374 1235 1429 has

244 1470 290 1509 res
305 1451 398 1508 inesse
411 1460 549 1526 oportere,
564 1450 716 1507 scientiam
732 1449 774 1507 rei
794 1449 935 1520 militaris,
950 1450 1094 1521 virtutem,
1109 1452 1233 1509 auctori·

244 1539 342 1600 tatem,
359 1530 533 1586 felicitatem.
574 1529 652 1590 Quis
667 1528 753 1605 igitur
768 1528 822 1585 hoo
831 1529 946 1585 homine
955 1529 1090 1586 scientior
1104 1548 1235 1604 unquam

199 1614 231 1666 15
246 1618 295 1665 aut
309 1609 372 1679 fuit,
382 1618 503 1665 autesse
517 1608 635 1665 debuitl
656 1608 742 1682 qui,e
755 1607 823 1664 ludo
832 1607 1053 1682 atquepueritiae
1067 1608 1233 1683 disciplina,

245 1687 319 1744 bello
333 1687 466 1755 maximo,
482 1696 566 1760 atque
581 1686 729 1743 acerrimis
743 1685 881 1756 hostibus,
896 1686 933 1743 ad
952 1687 1040 1762 patris
1061 1688 1234 1759 exercitum,

246 1775 329 1839 atque
344 1764 374 1819 in
389 1764 497 1819 militiae
512 1764 704 1839 disciplinam,
713 1763 857 1839 profectus
870 1774 914 1821 est
922 1785 930 1834 ;
944 1765 993 1839 qui
1002 1766 1129 1823 extremi
1138 1767 1236 1842 pueri·

244 1842 285 1898 tia
300 1842 381 1897 miles
396 1841 449 1897 fuit
463 1842 566 1898 summi
581 1842 774 1917 imperatoris;
797 1843 914 1900 ineunte
936 1844 1128 1901 adolescentid
1142 1846 1235 1902 maxi-

244 1920 284 1975 mi
299 1920 357 1994 ipse
371 1920 514 1977 exercitiis
528 1920 695 1996 imperator;
716 1921 765 1995 qui
779 1919 883 1997 saepiirs
904 1940 970 1978 cum
991 1923 1071 1979 hoste
1091 1922 1233 1996 conflixit,

194 2000 230 2053 20
245 1996 329 2072 quim
343 1998 492 2073 quisquam
507 2018 573 2055 oum
589 1999 707 2057 inimico
720 2001 911 2070 concertavit3
932 2000 1014 2076 plura
1035 2002 1111 2059 bella
1131 2002 1232 2079 gessit,

236 2074 329 2152 ‘quam
345 2077 441 2137 caeteri
455 2077 603 2154 legerunt3
624 2079 720 2155 plures
740 2079 902 2155 provincias
923 2080 1058 2150 confecit,
1072 2078 1159 2154 quem
1180 2081 1233 2139 alii

244 2156 485 2233 concupiverunt3
507 2157 588 2234 cujus
603 2158 796 2216 adolescentia
810 2158 846 2215 ad
860 2158 1011 2216 scientiam
1031 2159 1073 2216 rei
1087 2159 1232 2232 militaris,

244 2256 301 2294 non
324 2237 426 2294 alienis
446 2239 605 2315 praeceptis,
628 2239 679 2294 sed
701 2237 761 2294 suis
787 2237 923 2313 imperiis,
945 2257 1002 2295 non
1025 2239 1233 2296 offensionibus

244 2315 322 2386 belli,
337 2317 388 2372 sed
402 2316 537 2386 victoriis,
554 2337 611 2374 non
625 2316 784 2391 stipendiis,
799 2317 850 2372 sed
870 2316 1029 2392 triumphis,
1044 2328 1088 2373 est
1107 2318 1230 2375 erudita.

193 2391 228 2445 25
243 2394 332 2455 Quod
346 2395 469 2468 denique
483 2414 575 2470 genus
590 2395 656 2451 belli
670 2414 733 2452 esse
746 2405 847 2470 potest,
862 2394 962 2470 inquo
983 2394 1063 2451 illum
1080 2415 1137 2453 non
1150 2416 1232 2453 exer·

244 2472 336 2528 cuerit
351 2472 462 2529 fortuna
476 2472 660 2547 reipublicael
688 2472 792 2544 Civile,
802 2473 984 2544 Africanum,
994 2473 1228 2550 Transalpinum,

244 2549 447 2624 Hispaniense,
462 2550 582 2605 mixtum
603 2570 639 2607 ex
656 2551 820 2609 civitatibus
842 2562 926 2626 atque
949 2570 984 2608 ex
1005 2552 1229 2610 bellicosissimis

243 2627 417 2696 nationibus,
432 2627 543 2698 servile,
558 2630 659 2686 navale
673 2630 791 2700 bellum,
812 2631 891 2686 varia
904 2640 933 2686 et
947 2631 1059 2687 diversa
1080 2650 1186 2707 genera
1199 2642 1228 2690 et

243 2705 382 2762 bellorum
396 2717 425 2762 et
439 2706 572 2777 hostium,
587 2727 644 2765 non
658 2706 750 2766 solum
765 2719 846 2784 gesta
860 2709 896 2765 ab
911 2709 965 2766 hoc
987 2727 1054 2779 uno,
1069 2711 1119 2766 sed
1141 2711 1228 2767 etiam

192 2790 228 2844 30
244 2784 384 2854 conlecta,
400 2785 507 2842 nullam
522 2805 581 2843 rem
596 2805 659 2844 esse
681 2787 830 2844 declarant
852 2787 882 2844 in
895 2806 949 2843 usu
967 2787 1084 2844 militari
1097 2788 1228 2864 positam.

243 2882 306 2937 quae
321 2863 405 2938 hujus
419 2863 471 2920 viri
485 2864 636 2921 scientiam
652 2865 751 2941 fugere
764 2865 860 2940 possit.

282 2941 338 2999 XI.
368 2941 434 3000 Jam
456 2941 523 3000 verb
546 2943 642 3000 virtuti
664 2944 720 3000 Cn.
735 2943 864 3019 Pompeii
885 2961 948 3018 quae
969 2954 1125 3020 potestpar
1138 2946 1230 3004 oratio

243 3019 384 3078 inveniril
405 3022 475 3097 quid
491 3032 544 3093 est,
559 3023 633 3098 quod
647 3022 797 3098 quisquam
817 3032 866 3079 aut
879 3022 999 3097 dignum
1013 3023 1071 3093 illo,
1086 3033 1136 3080 aut
1149 3025 1229 3081 vobis

242 3119 356 3171 novum,
372 3111 421 3157 aut
435 3101 568 3175 cuiquam
584 3101 755 3170 inauditum,
769 3101 857 3176 possit
871 3101 992 3158 afferrel
1032 3101 1136 3176 Neque
1150 3103 1228 3159 enirn

191 3181 226 3236 35
242 3179 297 3236 illae
312 3189 378 3237 sunt
391 3179 457 3236 solae
474 3179 591 3236 virtutes
606 3179 803 3254 imperatorie,
826 3198 889 3253 quae
912 3177 996 3256 vulgo
1019 3180 1227 3252 existimantur,

241 3256 320 3314 labor
335 3258 364 3314 in
379 3257 502 3332 negotio,
518 3257 652 3314 fortitudo
673 3258 703 3314 in
724 3258 870 3331 periculis,
893 3256 1033 3315 industria
1055 3257 1084 3315 in
1105 3260 1227 3333 agendo,

241 3335 374 3392 celeritas
389 3334 418 3390 in
433 3334 622 3404 conficiendo,
637 3335 788 3392 consilium
811 3335 840 3392 in
853 3335 1042 3412 providend03
1064 3355 1126 3410 quae
1147 3347 1227 3393 tanta

242 3425 307 3470 sunt
322 3414 352 3470 in
367 3413 421 3470 hoc
435 3431 502 3482 uno,
524 3423 631 3486 quanta
653 3413 682 3470 in
704 3414 837 3470 omnibus
861 3414 977 3488 reliquis
999 3414 1225 3490 imperatoribus,

241 3511 311 3566 quos
326 3502 374 3549 aut
388 3491 511 3547 vidimus
526 3501 574 3547 aut
589 3491 760 3562 audivimus,
774 3512 830 3549 non
847 3492 969 3550 fuerunt„

191 3568 226 3621 ⁴10
281 3569 379 3627 Testis
393 3580 436 3628 est
451 3569 545 3640 Italia,
560 3588 645 3644 quam
665 3570 713 3627 ille
728 3571 787 3645 ipse
801 3571 899 3642 victor,
914 3570 947 3627 L.
963 3570 1055 3641 Sulla,
1070 3570 1154 3646 hujus
1173 3572 1227 3629 vir·

241 3656 302 3704 tute
316 3661 344 3705 et
358 3648 485 3706 subsidio
499 3648 645 3705 confessus
665 3659 709 3706 est
730 3649 888 3705 liberatam.
930 3647 1029 3706 Testis
1050 3660 1093 3705 est
1114 3650 1225 3720 Sicilia,

241 3745 337 3799 quam,
353 3727 448 3783 multis
463 3727 588 3802 undique
603 3727 729 3783 cinctam
743 3727 888 3802 periculis,
897 3746 954 3783 non
969 3737 1075 3784 terrore
1089 3728 1167 3798 belli,
1176 3728 1225 3785 sed

242 3803 388 3860 celeritate
403 3805 694 3881 consilii,explioavit.
736 3804 835 3861 'l'estis
848 3815 892 3862 est
905 3805 1017 3875 Africa,
1033 3825 1105 3878 quae,
1115 3806 1227 3882 magnis

241 3899 374 3956 oppressa
387 3883 510 3939 hostium
524 3883 623 3960 copiis,
637 3901 736 3940 eorum
756 3883 879 3958 ipsorum
893 3883 1034 3959 sanguine
1048 3883 1223 3943 redundarit
