2775 4425
410 342 547 393 ORATIO
570 343 638 393 PRO
661 342 801 395 ARCHIA
823 342 949 393 POETA.
1185 348 1227 406 95

183 498 212 546 et
227 488 388 545 moderatos
401 498 431 544 et
443 506 544 564 graves
558 486 710 556 exstitisse,
723 487 829 546 lateor:
849 487 936 545 etiam
952 486 1021 544 rllud
1037 486 1173 563 adjungo,

183 568 288 643 saepius
309 567 345 623 ad
376 567 489 623 laudem
512 577 597 641 atque
620 567 750 623 virtutem
781 577 912 623 naturam
940 566 1003 623 sine
1030 566 1172 638 doctrina,

183 644 270 721 quarn
292 646 354 702 sine
373 644 475 701 nature
491 646 613 701 valuisse
627 646 796 701 doctrinam.
820 644 823 649 ’
839 645 934 719 Atque
950 644 1024 701 idern
1038 664 1093 721 ego
1106 664 1174 703 con·

183 725 281 795 tendo,
297 723 364 781 cinn
386 724 421 781 ad
443 734 574 780 naturam
595 724 730 780 eximiam
752 736 837 798 atque
859 724 996 780 illustrem
1018 725 1173 782 accesserit

185 804 258 860 ratio
272 802 402 876 quaedam
416 801 659 875 conformatioque
673 802 821 872 doctrine,
836 813 897 859 tum
913 801 981 858 illud
996 803 1095 860 nescio
1103 803 1173 878 quid
1207 797 1225 850 5

184 882 352 957 praeclarum
375 900 409 937 ac
430 880 575 957 singulare
595 880 686 937 solere
707 880 862 937 exsistere:
883 900 918 937 ex
939 881 994 939 hoc
1014 900 1077 939 esse
1095 881 1173 940 hunc

185 978 315 1029 nurnero,
338 976 423 1034 quem
453 970 547 1034 patres
577 958 665 1015 nostri
694 958 836 1029 viderunt,
858 959 987 1017 divinum
1017 961 1172 1031 hominem,

185 1038 374 1109 Africanum3
396 1058 432 1095 ex
452 1039 507 1095 hoc
527 1038 561 1094 Ο.
585 1036 715 1108 laelium,
732 1036 764 1093 L.
781 1037 911 1109 Furium,
932 1038 1173 1097 moderatissimos

185 1117 315 1173 homines
335 1127 364 1173 et
384 1116 660 1183 continentissimum
685 1134 720 1172 ex
741 1117 795 1173 hoc
816 1118 999 1175 fortissimum
1020 1118 1122 1188 virum,
1143 1128 1173 1175 et

185 1194 242 1251 illis
270 1196 443 1270 temporibus
469 1194 676 1264 doctissimum,
705 1193 746 1251 M.
771 1196 912 1253 Catonem
947 1196 1027 1253 illurn
1054 1216 1171 1266 senem3
1194 1194 1225 1247 10

184 1274 243 1347 qui,
263 1272 403 1349 proferro,
424 1274 448 1330 si
477 1274 547 1331 nihil
580 1273 615 1329 ad
643 1274 857 1348 percipiendam
885 1274 1093 1349 colendamque
1120 1276 1174 1333 vir·

184 1362 274 1409 tutem
302 1352 392 1410 literis
419 1352 630 1427 adjuvarentur,
651 1370 799 1426 nunquam
819 1371 850 1409 se
871 1352 906 1409 ad
927 1369 1027 1409 earum
1046 1353 1174 1411 studium

184 1430 380 1490 contulissent.

222 1508 314 1570 Quod
333 1510 357 1565 si
376 1529 432 1566 non
451 1509 499 1567 hic
516 1519 613 1571 tantus
633 1511 744 1567 fructus
762 1509 970 1579 ostenderetur,
985 1522 1015 1566 et
1032 1508 1056 1566 si
1074 1528 1110 1567 ex
1129 1510 1175 1577 his

183 1586 287 1643 studiis
301 1587 454 1646 delectatio
468 1589 527 1645 sola
541 1600 684 1663 peteretur
696 1608 702 1657 ;
724 1598 820 1644 tamen
837 1588 883 1663 (ut
895 1588 1008 1665 opinor)
1025 1588 1100 1645 hanc
1114 1588 1174 1645 uni·
1193 1594 1226 1647 15

184 1666 222 1724 mi
240 1664 464 1746 [remissionem]
482 1667 717 1724 humanissimam
734 1684 768 1723 ac
782 1665 1011 1723 liberalissimam
1029 1666 1174 1743 judicare·

183 1745 229 1800 tis.
272 1744 348 1801 Nam
368 1756 472 1803 cratera
491 1764 585 1820 neque
603 1756 762 1822 temporum
780 1758 847 1801 sunt
865 1764 959 1819 neque
979 1756 1094 1803 aetatum
1114 1766 1173 1804 om·

183 1823 275 1893 nium,
297 1842 390 1898 neque
419 1825 563 1882 locorurn:
595 1825 657 1881 haec
687 1824 784 1880 studia
804 1825 1026 1882 adolescentiam
1049 1823 1168 1905 [alunt]

182 1913 361 1959 senectutem
382 1903 537 1973 oblectant,
552 1904 696 1959 secundas
715 1922 761 1959 res
779 1914 893 1972 ornant,
908 1904 1034 1961 adversis
1047 1905 1171 1995 perfugi·

183 1999 232 2037 urn
248 2000 282 2038 ac
297 1981 428 2038 solatium
441 1982 579 2058 prebent,
590 1981 735 2039 delectant
748 1982 835 2051 domi,
850 2002 907 2039 non
921 1982 1079 2058 impediunt
1094 1984 1170 2053 soris,
1187 1985 1224 2039 2⁰

182 2070 351 2133 pernoctant
378 2061 537 2130 nobiscum,
558 2060 786 2136 peregrinantur,
807 2061 991 2117 rusticamur.
1031 2059 1123 2125 Quod
1146 2061 1171 2117 si

183 2137 236 2213 ipsi
252 2139 314 2195 haec
324 2158 418 2214 neque
433 2139 572 2215 attingere
583 2156 676 2215 neque
686 2157 773 2194 sensu
783 2149 879 2195 nostro
889 2148 1005 2214 gustare
1013 2156 1171 2214 possemus,

182 2227 280 2274 tamen
295 2237 330 2274 ea
344 2218 441 2274 mirari
456 2219 635 2287 deberemus,
650 2217 739 2274 etiam
753 2215 821 2274 crim
837 2217 866 2273 in
881 2217 945 2272 aliis
958 2217 1127 2272 rideremus.

222 2295 309 2352 Vlll.
343 2295 422 2357 Quis
442 2296 569 2354 nostrirrn
591 2308 649 2352 tarn
672 2296 769 2352 animo
788 2296 893 2371 agresti
915 2313 950 2352 ac
970 2295 1042 2352 duro
1063 2294 1125 2364 fuit,
1141 2305 1172 2352 ut

182 2373 286 2432 Roscii
301 2385 390 2432 rnorte
404 2395 493 2451 nuper
508 2395 564 2432 non
583 2375 831 2432 commoveretur?
852 2375 900 2449 qui
914 2371 982 2431 cirm
996 2383 1071 2430 esset
1084 2393 1172 2432 senex
1188 2382 1224 2436 25

181 2463 321 2523 mortuus,
342 2463 448 2523 tamen,
469 2465 581 2529 propter
604 2454 795 2510 excellentem
815 2464 905 2510 artem
926 2473 962 2510 ac
983 2464 1170 2525 venustatem,

182 2532 333 2588 videbatur
355 2533 473 2590 omnino
499 2532 569 2589 mori
597 2552 654 2589 non
682 2532 824 2590 debuisse.
866 2532 945 2609 Ergo
971 2532 1019 2590 ille
1046 2534 1171 2608 corporis

182 2620 261 2667 motu
283 2619 393 2667 tantum
413 2629 538 2668 amorem
557 2611 611 2668 sibi
629 2611 798 2668 concilirirat
817 2629 835 2668 a
852 2613 935 2669 nobis
947 2611 1096 2681 omnibus;
1119 2633 1170 2670 nos

183 2690 344 2746 animorum
359 2689 542 2746 incredibiles
556 2700 648 2746 motus
662 2690 894 2765 celeritatemque
908 2691 1088 2767 ingeniorum
1103 2712 1171 2768 neg·

181 2768 328 2843 ligemusl
361 2767 486 2829 Quoties
506 2787 561 2844 ego
588 2769 665 2825 hunc
692 2769 832 2826 Archiam
853 2770 921 2838 ridi,
946 2770 1070 2844 judices,
1092 2771 1170 2844 (utar
1186 2775 1223 2828 30

181 2847 260 2902 enirn
282 2847 375 2903 vestri
396 2847 584 2922 benignitate,
606 2847 739 2921 quoniam
762 2866 818 2916 me,
841 2849 871 2903 in
894 2847 947 2904 hoc
970 2866 1041 2904 noso
1063 2867 1169 2922 genere

181 2924 310 2994 dicendi,
325 2935 384 2980 tam
398 2924 550 3000 diligenter
565 2925 724 3001 attenditis)
740 2925 850 2999 quoties
864 2944 918 2999 ego
932 2925 1010 2981 hunc
1024 2923 1092 2992 ridi,
1103 2924 1170 2982 crim

181 3003 296 3060 literam
323 3003 481 3079 scripsisset
508 3004 626 3074 nullam,
655 3021 790 3078 magnum
822 3020 973 3057 numerum
998 3002 1170 3075 optimorum

182 3099 317 3138 versuum
338 3082 375 3138 de
396 3083 439 3138 his
460 3082 528 3158 ipsis
549 3083 634 3139 rebus
654 3100 717 3155 quae
745 3089 806 3134 turn
833 3089 996 3153 agerentur,
1018 3078 1115 3136 dicere
1135 3101 1170 3138 ex

181 3161 326 3234 ternpore!
348 3161 457 3235 quoties
471 3172 635 3218 revocatum
656 3158 778 3215 eundern
793 3176 852 3214 rem
867 3157 975 3226 dicere,
990 3160 1171 3215 commutatis
1187 3164 1223 3216 35

181 3238 277 3296 verbis
293 3249 375 3314 atque
390 3239 555 3296 sententiisl
577 3258 640 3313 quae
655 3236 722 3295 verri
738 3235 874 3293 accurate
889 3235 1071 3313 cogitateque
1085 3240 1172 3313 scrip-

182 3317 276 3386 sisset,
291 3337 326 3374 ea
346 3318 389 3375 sic
410 3318 467 3374 vidi
487 3319 610 3394 probari,
626 3328 657 3373 ut
676 3317 711 3372 ad
731 3327 858 3372 veterum
872 3316 1041 3392 scriptorum
1056 3315 1170 3372 laudern

181 3395 372 3470 pervenirent.
415 3397 504 3454 Hunc
524 3417 579 3472 ego
607 3416 663 3452 non
684 3395 826 3470 diligaml
860 3415 917 3452 non
939 3395 1083 3452 admirerl
1113 3415 1171 3452 non

180 3475 259 3530 omni
275 3475 385 3532 ratione
398 3475 611 3532 defendendum
625 3476 744 3549 puteml

222 3553 313 3626 Atqui
337 3555 380 3610 sic
401 3573 418 3611 a
438 3553 557 3610 summis
585 3553 747 3611 hominibus
774 3553 1031 3628 eruditissimisque
1060 3553 1172 3628 accepi·
1188 3553 1223 3606 40

181 3650 256 3700 mus,
278 3642 447 3689 ceterarum
471 3651 566 3690 rerum
588 3632 693 3701 studia,
715 3644 744 3688 et
764 3631 905 3700 doctrina,
920 3643 949 3688 et
969 3632 1127 3707 preceptis,
1142 3643 1171 3690 et

182 3719 244 3767 arte
265 3725 412 3781 constare;
435 3716 549 3786 poetam
570 3711 674 3768 naturis
696 3711 755 3786 ipsis
771 3711 875 3777 ualere,
890 3720 919 3764 et
940 3711 1043 3766 mentis
1064 3711 1171 3768 viribus

181 3789 312 3858 excitari,
328 3800 356 3846 et
376 3790 457 3863 quasi
479 3789 575 3846 divino
595 3791 718 3864 quodam
740 3789 839 3863 spiritu
862 3787 963 3844 inflari.
1003 3788 1106 3850 Quare
1120 3811 1171 3849 suo

178 3865 245 3943 jure
265 3878 361 3926 noster
382 3868 429 3925 ille
450 3867 563 3924 Ennius
584 3879 700 3924 sanctos
720 3866 842 3941 appellat
863 3871 973 3941 poetas,
992 3869 1068 3942 qudd
1089 3871 1170 3945 quasi
