2775 4425
179 390 220 449 78
487 386 623 435 ORATIO
645 387 715 437 PRO
737 386 763 445 Q
793 386 954 437 LIGARIO.

144 596 147 601 ¹
231 530 359 599 iaciunt3
379 539 512 587 moveant
531 539 560 586 te
580 529 681 587 horum
700 530 845 605 lacryma,
859 540 971 588 moreat
989 531 1091 607 pietas,
1105 543 1219 591 moveat

231 608 423 685 germanitas:
445 607 539 665 valeat
551 618 602 664 tua
615 628 667 665 vox
685 608 744 680 illa,
758 628 821 683 quae
835 610 912 666 vicit.
953 609 1000 667 Te
1021 611 1098 666 enim
1119 612 1219 669 dicere

232 687 429 757 audiebamus,
449 684 521 758 Nos,
540 704 639 743 omnes
660 687 836 745 adversarios
854 698 965 764 putare,
979 688 1035 745 nisi
1054 688 1103 763 qui
1124 690 1220 747 nobis·

232 784 298 823 cum
319 774 431 835 essent;
453 774 482 821 te
495 783 604 836 omnes,
618 765 667 840 qui
688 776 788 823 contra
807 775 836 823 te
856 786 914 823 non
933 776 1039 837 essent,
1053 778 1125 823 tuos.
1166 768 1219 824 Vi-

196 844 320 909 sdesne
348 843 435 921 igitur
464 844 543 900 hunc
573 843 761 919 splendorem,
781 862 895 901 omnem
918 846 995 902 hanc
1022 844 1219 903 Brocchorum

232 924 358 994 domum,
386 922 464 979 hunc
491 922 524 979 L.
549 920 705 993 Marcium,
730 921 764 979 Ο.
789 923 956 995 Caesetium,
984 922 1018 979 L.
1047 923 1218 995 Corfidium,

209 1054 212 1061 ,
232 1002 318 1059 hosce
331 1020 430 1059 omnes
447 1001 558 1076 equites
577 999 735 1071 Romanos
749 1001 798 1075 qui
819 1002 923 1058 adsunt
936 1011 1013 1058 veste
1026 1002 1146 1072 mutatui,
1160 1022 1217 1059 non

233 1078 325 1137 solhm
344 1090 425 1138 notos
443 1079 505 1151 tibi,
519 1076 619 1136 verbm
640 1079 727 1135 etiam
746 1079 878 1155 probatos
892 1080 976 1149 viros,
989 1089 1087 1136 tecum
1108 1080 1217 1139 fuisset

233 1160 330 1233 Atque
339 1158 383 1215 his
394 1158 604 1227 irascebamur;
626 1156 677 1215 hos
687 1158 902 1232 requirebamus
913 1178 920 1227 3
936 1159 980 1215 his
990 1158 1119 1215 nonnulli
1131 1159 1218 1216 etiam

182 1246 217 1299 10
236 1234 454 1316 [minabamur]
497 1235 643 1293 Conserva
669 1236 757 1312 igitur
783 1237 841 1292 tuis
861 1255 945 1307 suos;
973 1246 1016 1306 ut,
1036 1238 1219 1311 quemadmo-

233 1317 302 1372 dum
322 1326 427 1373 caetera
447 1332 509 1391 qua
530 1314 688 1372 dictasunt
703 1324 772 1386 ate,
786 1314 829 1371 sic
843 1313 898 1373 hoc
917 1314 1097 1373 verissimum
1115 1316 1219 1391 reperi·

235 1403 305 1451 atur.

273 1472 346 1531 XII.
380 1470 472 1534 Quod
492 1470 516 1529 si
535 1468 650 1547 penitus
669 1470 831 1547 perspicere
850 1490 948 1547 posses
968 1471 1151 1529 concordiam
1171 1472 1220 1529 Li-

235 1551 389 1628 gariorum,
403 1570 503 1608 omnes
521 1550 622 1607 fratres
639 1560 736 1606 tecum
757 1549 903 1625 judicares
923 1550 1018 1607 fuisse.
1059 1551 1109 1607 An
1128 1561 1220 1626 potest

188 1631 218 1683 15
235 1630 385 1705 quisquam
399 1629 540 1699 dubitare,
554 1629 634 1703 quin,
649 1628 673 1685 si
692 1627 733 1688 Q.
749 1628 883 1704 Ligarius
897 1628 926 1685 in
941 1628 1026 1685 Italia
1040 1648 1103 1686 esse
1116 1630 1220 1705 potuis·

236 1718 289 1778 set,
304 1709 333 1765 in
347 1708 450 1764 eadem
464 1706 605 1763 sententia
621 1706 733 1763 futurus
747 1706 841 1777 suerit,
856 1706 886 1763 in
899 1707 955 1781 qua
971 1706 1071 1764 fratres
1086 1708 1219 1765 fueruntl

234 1786 313 1846 Quis
333 1794 386 1855 est,
400 1784 448 1859 qui
470 1785 569 1841 horum
590 1803 761 1841 consensum
782 1784 991 1860 conspirantem
1012 1795 1041 1843 et
1060 1783 1133 1861 pene
1155 1806 1221 1844 con·

237 1862 345 1933 ilatum,
367 1862 397 1919 in
417 1863 473 1919 hac
493 1860 578 1937 propt}
600 1862 762 1936 aequalitate
783 1862 918 1935 fraterna,
939 1883 995 1921 non
1016 1864 1145 1921 noverit?
1172 1865 1220 1939 qui

238 1942 292 1997 hoc
312 1960 369 1997 non
397 1940 511 2011 sentiat,
533 1940 645 2014 quidvis
666 1938 746 2015 pribs
767 1941 893 1999 futurum
915 1942 1011 2013 fuisse,
1033 1941 1119 2016 quam
1140 1954 1172 1999 ut
1191 1944 1221 1999 hi

185 2028 221 2083 20
238 2020 339 2077 fratres
352 2019 479 2076 diversas
497 2019 653 2076 sententias
674 2019 857 2095 fortunasque
877 2022 1084 2095 sequerenturl
1114 2020 1222 2079 Volun-

238 2108 296 2155 tate
325 2097 411 2175 igitur
438 2116 538 2155 omnes
558 2106 654 2155 tecum
675 2098 807 2156 fuerunt:
838 2107 1006 2175 tempestate
1027 2099 1160 2175 abreptus
1179 2111 1222 2156 est

238 2196 331 2250 unus;
352 2176 411 2255 qui,
433 2176 457 2234 si
478 2176 597 2235 consilio
617 2176 646 2234 id
668 2174 792 2249 fecisset,
814 2187 889 2236 esset
908 2196 1007 2236 eorum
1027 2178 1138 2251 similis,
1153 2198 1223 2254 quos

239 2267 270 2314 tu
285 2267 380 2314 tamen
395 2257 486 2314 salvos
500 2276 562 2314 esse
575 2255 698 2313 voluisti.

280 2337 338 2393 Sed
360 2335 424 2393 ierit
446 2335 481 2392 ad
501 2335 627 2392 bellum:
649 2334 822 2406 discesserit,
843 2355 900 2392 non
922 2344 987 2392 ate
1008 2333 1109 2406 solhm,
1123 2333 1223 2393 verbm

187 2425 223 2478 25
240 2414 327 2471 etiarn
342 2433 359 2470 a
373 2413 523 2470 fratribus:
545 2413 575 2469 hi
589 2423 617 2469 te
630 2422 714 2470 orant
727 2413 778 2469 tui.
819 2413 972 2488 Equidem,
984 2411 1051 2470 crim
1065 2415 1122 2470 tuis
1134 2415 1224 2472 omni·

240 2493 294 2549 bus
314 2491 435 2566 negotiis
456 2490 632 2560 interessem,
647 2491 785 2548 memoria
805 2501 899 2562 teneo,
914 2492 1006 2565 qualis
1026 2492 1064 2548 T.
1080 2492 1223 2569 Ligarius,

241 2578 362 2643 quaestor
389 2568 525 2638 urbanus,
547 2567 633 2625 fuerit
659 2578 777 2646 ergata
797 2579 826 2626 et
847 2571 1016 2646 dignitatem
1036 2580 1123 2627 tuam.
1166 2572 1224 2629 Sed

240 2665 341 2722 parum
355 2654 407 2716 est,
422 2665 468 2702 me
489 2647 543 2704 hoc
563 2645 747 2704 meminisse:
768 2667 850 2723 spero
864 2648 950 2705 etiam
965 2658 1003 2719 te,
1019 2648 1082 2723 (qui
1095 2649 1242 2707 oblivisci·

241 2723 312 2781 nihil
341 2724 424 2794 soles,
445 2723 500 2781 nisi
528 2723 656 2800 injurias,
677 2726 812 2801 quoniam
834 2728 887 2784 hoc
908 2737 952 2783 est
972 2725 1070 2796 animi,
1091 2727 1224 2802 quoniam

189 2810 225 2863 30
242 2803 329 2860 etiam
350 2802 458 2880 ingenii
480 2803 536 2882 tui)
551 2814 589 2874 te,
606 2803 713 2880 aliquid
733 2805 770 2861 de
790 2805 874 2880 hujus
886 2805 943 2862 'illo
962 2805 1112 2879 quaestorio
1131 2806 1227 2863 officio

243 2881 427 2958 cogitantem,
451 2882 538 2939 etiam
561 2882 597 2938 de
622 2882 684 2940 aliis
703 2883 873 2956 quibusdam
891 2883 1078 2958 quaestoribus
1098 2884 1227 2940 reminis·

157 2984 160 2989 ·
243 2972 366 3031 centem,
387 2961 539 3018 recordari.
581 2959 641 3017 Hic
665 2959 760 3037 igitur
778 2961 816 3018 Τ.
833 2960 982 3038 Ligarius,
1003 2962 1052 3036 qui
1072 2972 1133 3018 tum
1154 2962 1225 3019 nihil

243 3040 302 3116 egit
316 3039 393 3096 aliud
409 3037 515 3117 (neque
529 3039 606 3096 enim
621 3039 683 3097 haec
697 3039 857 3117 divinabat)
873 3039 928 3096 nisi
949 3053 982 3096 ut
1000 3049 1032 3097 tu
1052 3059 1119 3096 eum
1139 3041 1227 3096 studi·

242 3137 324 3176 osum
344 3119 385 3174 tui
406 3128 435 3176 et
454 3119 561 3176 bonum
582 3118 674 3174 virum
692 3117 847 3192 judicares,
862 3136 940 3174 nunc
962 3127 1025 3175 ate
1043 3118 1159 3193 supplex
1173 3118 1227 3175 fra-

191 3209 226 3264 35
244 3197 295 3256 tris
325 3197 445 3254 salutem
474 3197 553 3271 petit.
593 3195 704 3265 Quam,
725 3193 825 3270 hujus'
840 3197 1002 3253 admonitus
1030 3197 1135 3266 officio,
1158 3194 1226 3254 clun

244 3275 372 3349 utrisque
398 3275 443 3330 his
470 3273 592 3346 dederis,
612 3283 670 3330 tres
698 3274 799 3331 fratres
824 3275 944 3350 optimos
970 3285 1000 3332 et
1020 3274 1227 3350 integerrimos,

244 3373 301 3410 non
322 3351 414 3410 sohlm
434 3351 489 3408 sibi
510 3352 594 3427 ipsoS,
614 3371 708 3426 neque
730 3352 775 3408 his
795 3363 836 3410 tot
857 3373 891 3409 ac
911 3352 1016 3409 talibus
1036 3353 1113 3423 viris,
1134 3372 1228 3428 neque

244 3431 327 3489 nobis
340 3429 510 3488 necessariis
524 3430 592 3500 suis,
607 3429 758 3487 sedetiam
773 3431 947 3507 reipublice,
962 3431 1174 3488 condonaveris.

284 3510 346 3567 Fac
366 3509 462 3586 igitur,
477 3509 552 3583 quod
572 3509 608 3565 de
628 3508 745 3566 homine
764 3509 941 3567 nobilissimo
960 3520 990 3566 et
1009 3508 1168 3567 clarissimo
1185 3508 1227 3565 M.

194 3599 228 3651 to
246 3587 385 3646 Marcello
400 3587 492 3644 fecisti
512 3605 602 3662 nuper
622 3587 653 3643 in
674 3587 765 3657 curia,
779 3607 858 3645 nunc
879 3587 955 3644 idem
976 3588 1006 3645 in
1027 3586 1086 3644 soro
1106 3587 1143 3644 de
1160 3587 1228 3663 opti·

245 3666 300 3722 mis
320 3677 349 3723 et
376 3667 444 3723 huic
470 3666 547 3723 omni
578 3666 744 3740 frequentiae
772 3666 979 3740 probatissimis
1008 3666 1149 3722 fratribus.
1191 3665 1231 3722 Ut

247 3744 413 3801 concessisti
434 3744 514 3802 illum
535 3744 656 3813 senatui,
678 3742 721 3800 sic
741 3743 778 3800 da
801 3745 879 3801 hunc
899 3745 1011 3820 populo,
1032 3744 1114 3818 cujus
1134 3744 1231 3801 volun-

246 3830 334 3876 tatem
356 3822 533 3878 carissimam
553 3840 664 3896 semper
685 3821 829 3879 habuisti:
850 3832 889 3892 et,
904 3823 927 3879 si
943 3823 991 3879 ille
1005 3822 1068 3879 dies
1081 3822 1133 3878 tibi
1147 3823 1231 3898 glori-

246 3895 402 3968 osissimus,
423 3899 525 3973 populo
548 3898 686 3956 Romano
711 3898 891 3975 gratissimus
913 3899 983 3964 fuit:
1011 3900 1080 3972 noli,
1100 3901 1229 3963 obsech
