2775 4425
367 382 504 433 ORATlO
527 380 562 431 ll.
584 382 622 431 IN
646 380 676 431 h.
699 381 913 433 CATILINAM.
1145 382 1186 439 22}

153 526 281 584 arbitror.
322 524 386 587 Qui
408 524 547 596 homines,
564 523 699 616 primbm,
714 524 738 583 si
752 536 829 584 stare
850 546 908 584 non
925 536 1057 617 possunt,
1075 545 1137 584 cor·

153 616 253 674 ruant;
276 605 391 673 sedita,
407 615 508 661 utnon
531 604 615 662 modo
639 606 751 674 civitas,
774 607 824 662 sed
848 624 884 663 no
906 606 997 663 ricini
1018 606 1136 681 quidem

152 684 273 760 proximi
300 684 434 740 sentiant
483 682 562 739 Nam
590 684 659 741 illud
690 702 748 773 nou
777 684 916 774 intelligo,
937 686 1136 759 quamobrem,

154 762 178 819 si
192 762 287 819 vivere
302 760 420 819 bonestd
435 780 493 819 non
506 771 633 837 possunt,
647 761 742 838 perire
758 762 878 839 turpiter
893 762 997 831 velint;
1020 773 1137 821 auteur

154 841 265 899 minore
278 841 374 898 dolore
387 840 528 916 perituros
541 858 573 897 se
587 859 654 898 cum
669 841 777 911 multis,
791 838 922 917 quim
900 860 924 899 ιι
941 806 997 900 soli
1007 852 1136 918 pereant,
1168 842 1188 897 5

156 920 338 977 arbitrentur.

193 997 339 1059 Quintum
354 1016 445 1074 genus
459 1006 502 1055 est
515 997 771 1073 parricidarum,
748 998 931 1069 sicariorum,
941 1000 1066 1075 denique
1078 1018 1139 1058 our·

154 1077 236 1134 nium
251 1076 491 1135 facinorosorum:
513 1094 583 1151 quos
597 1096 651 1153 ego
665 1096 682 1134 a
696 1078 826 1135 Catilina
847 1098 904 1136 uon
928 1096 1047 1137 revoco:
1069 1098 1138 1137 nam

156 1174 248 1231 neque
262 1155 358 1213 divelli
374 1155 410 1211 ab
432 1174 466 1213 eo
487 1164 620 1231 possunt:
643 1166 672 1213 et
691 1167 813 1231 pereant
834 1155 906 1215 s'anb
930 1156 959 1215 in
977 1157 1138 1229 latrocinio,

31 1232 38 1246 ‘
99 1290 103 1302 ,
155 1234 290 1309 quoniam
305 1244 372 1291 sunt
387 1234 427 1291 ita
440 1233 533 1303 multi,
552 1244 645 1291 uteos
659 1254 763 1311 capere
777 1254 877 1293 carcer
891 1254 948 1294 non
962 1235 1058 1312 possit
1154 1234 1189 1285 ¹⁰

195 1312 375 1369 Postremum
392 1322 487 1370 autern
510 1331 602 1388 genus
623 1322 675 1383 est,
699 1333 756 1371 non
778 1313 870 1371 solbm
894 1333 1024 1384 numero,
1039 1313 1139 1372 verbm

156 1391 243 1447 etiam
272 1410 378 1467 genere
405 1391 466 1466 ipso
493 1400 578 1466 atque
606 1391 674 1462 vita,
702 1393 777 1468 quod
804 1393 948 1468 proprium
975 1404 1019 1450 est
1039 1393 1140 1450 Catili-

156 1489 212 1540 uae,
241 1469 277 1527 de
305 1469 367 1544 ejus
394 1469 520 1539 delectu,
549 1470 638 1527 immo
671 1468 740 1527 verb
775 1471 811 1527 de
838 1471 989 1547 complexu
1014 1471 1077 1546 ejus
1104 1489 1140 1529 ac

157 1549 240 1617 sinu3
270 1568 340 1623 quos
361 1567 433 1623 pexo
456 1548 571 1624 capillo,
594 1548 710 1619 nitidos,
734 1559 783 1606 aut
810 1550 965 1620 imberbes,
987 1560 1037 1607 aut
1064 1547 1138 1607 bend

158 1627 300 1697 barbatos,
316 1627 434 1697 videtis;
456 1627 610 1685 manicatis
624 1637 653 1685 et
666 1627 806 1685 talaribus
818 1628 943 1699 tunicis;
965 1628 1036 1686 velis
1052 1628 1141 1685 amic·
1156 1629 1190 1683 15

157 1717 210 1777 tos,
238 1726 296 1764 non
317 1706 408 1783 togis:
430 1724 551 1781 quorum
573 1706 666 1765 omnis
689 1706 831 1765 industria
852 1707 928 1777 vite,
950 1716 979 1765 et
1001 1707 1139 1785 vigilandi

156 1752 276 1856 labor,'
270 1805 299 1843 m
323 1785 504 1843 antelucanis
526 1786 617 1843 coenis
639 1787 821 1861 expromitur.
871 1786 907 1844 In
932 1786 977 1845 his
1003 1786 1140 1863 gregibus

157 1883 257 1922 omnes
272 1864 421 1933 aleatores,
436 1883 536 1921 omnes
551 1864 682 1935 adulteri,
697 1884 797 1923 omnes
813 1866 917 1943 impuri
909 1866 1138 1962 impudicique,

158 1954 314 2001 versantur
357 1942 398 1999 lli
408 1943 490 2019 pueri
504 1954 564 2000 tam
578 1944 665 2019 lepidi
681 1963 716 2001 ac
730 1944 856 2015 delicati,
866 1964 924 2003 uon
938 1943 1030 2003 solum
1041 1964 1139 2003 amare

158 2032 188 2079 et
202 2023 302 2092 amari,
316 2041 410 2097 neque
432 2032 550 2079 cantare
572 2032 602 2079 et
623 2023 737 2113 saltare,
753 2023 804 2080 sed
825 2024 913 2081 etiam
926 2024 1003 2081 sicas
1016 2024 1138 2093 vibrare,
1153 2031 1189 2084 2⁰

158 2110 187 2159 et
201 2120 334 2177 spargere
348 2119 470 2170 venena,
484 2101 667 2159 didicerunt:
688 2102 737 2176 qui
746 2102 802 2159 nisi
813 2113 929 2171 exeunt,
939 2102 995 2159 nisi
1007 2112 1139 2190 pereunt,

158 2180 271 2238 etiamsi
286 2180 413 2238 Catilina
427 2179 552 2256 perierit,
561 2180 663 2238 scitote
678 2180 754 2238 boo
747 2200 777 2237 m
791 2146 938 2255 republicis
953 2180 1139 2244 seminarium

161 2257 392 2339 [catilinarium]
410 2260 545 2317 futurum.
588 2257 789 2316 Veruntamen
805 2259 873 2335 quid
895 2259 951 2316 sibi
973 2259 1020 2316 isti
1042 2258 1140 2316 miseri

159 2338 277 2396 voluntl
298 2357 367 2396 num
381 2357 448 2394 suas
462 2357 561 2397 secum
585 2338 770 2396 mulierculas
791 2348 858 2394 sunt
880 2337 909 2395 in
924 2348 1020 2394 castra
1039 2337 1141 2395 ductu·

159 2417 183 2474 ri
193 2416 464 2492 lquemadmodum
480 2428 576 2474 autem
591 2417 647 2474 illis
661 2435 761 2474 carere
773 2427 916 2492 poterunt,
926 2417 971 2474 his
984 2417 1138 2492 presertim
1153 2423 1191 2476 25

165 2495 224 2570 jam
239 2496 391 2553 noctibusl
413 2515 470 2571 quo
484 2505 578 2552 autem
594 2507 678 2571 pacto
698 2495 739 2552 illi
762 2497 958 2572 Apenninum,
974 2508 1059 2572 atque
1076 2496 1140 2552 illas

159 2575 276 2650 pruinas
292 2593 326 2632 ac
340 2575 430 2644 nives,
444 2575 609 2650 perferenti
631 2575 686 2632 nisi
709 2575 820 2633 idcirco
832 2596 863 2633 se
886 2573 1000 2634 faciliirs
1015 2577 1140 2634 hiemem

58 2653 61 2658 ’
159 2655 327 2712 toleraturos
341 2663 451 2729 putant,
466 2652 544 2728 quod
558 2654 629 2711 nudi
644 2655 673 2711 in
688 2655 827 2712 conviviis
840 2656 944 2712 saltare
965 2655 1138 2712 didicerunt.

159 2731 187 2790 Ο
203 2733 309 2789 bellum
324 2730 496 2809 magnopere}
512 2733 783 2808 pertimescendum,
799 2732 866 2791 cbm
888 2735 964 2792 banc
977 2735 1015 2791 sit
1028 2734 1141 2790 habitu·

159 2831 208 2868 rus
222 2811 350 2869 Catilina
364 2822 521 2869 scortorum
536 2813 680 2869 cohortem
694 2813 871 2887 praetoriam!
1153 2816 1190 2870 30

199 2889 254 2948 XI.
277 2890 510 2960 lnstruitenuno,
519 2890 662 2960 Quirites,
672 2893 901 2948 contrabastam
909 2890 1062 2978 preclaras
1071 2888 1141 2945 Cat·

161 2969 237 3026 ilinae
252 2971 357 3044 copias,
367 2980 460 3026 vestra
469 2970 601 3044 praesrdra
610 2979 773 3042 vestrosque
787 2969 948 3024 exercitus:
973 2978 1003 3023 et
1016 2965 1140 3043 primum

159 3048 310 3124 gladiatori
325 3048 365 3104 illi
381 3047 512 3105 confecto
526 3059 555 3105 et
568 3048 668 3104 saucio
681 3046 835 3103 consules
829 3055 1067 3134 imperatoresque
1083 3063 1142 3100 ves·

159 3137 217 3184 tros
230 3127 378 3202 opponite:
400 3127 515 3196 deinde,
531 3136 632 3184 contra
646 3125 725 3180 illam
739 3124 944 3198 naufragorum
961 3123 1084 3198 ejectam
1106 3141 1141 3178 ac

159 3206 338 3262 debilitatam
361 3223 488 3275 manum,
506 3172 604 3262 llorem
626 3202 714 3260 totius
736 3201 829 3259 ltaliae
851 3221 887 3259 ac
908 3203 994 3259 robur
1015 3201 1139 3258 educite
1154 3191 1191 3245 35

159 3284 177 3340 J
181 3303 225 3340 am
241 3282 307 3342 verb
323 3284 408 3342 urbes
425 3251 603 3341 coldniaruni
627 3301 661 3339 ac
683 3280 905 3379 municipiorum
929 3280 1142 3369 respondebunt

159 3363 294 3420 Catilinae
308 3362 427 3420 tumulis
449 3362 633 3420 silvestribus
675 3360 780 3436 Neque
802 3360 869 3419 verb
892 3372 1012 3418 caeteras
1032 3358 1140 3445 copias,

158 3452 337 3511 ornamenta,
352 3437 485 3516 praesidra
498 3452 601 3510 vestra,
617 3459 684 3498 cum
700 3441 776 3498 illius
797 3441 944 3498 latronis
938 3440 1033 3515 inopia
1056 3449 1141 3512 atque

159 3531 286 3597 egestate
300 3520 430 3578 conferre
445 3520 544 3577 debeo.
587 3519 687 3589 Sed,
667 3539 701 3589 ιι,
710 3520 823 3576 omissis
838 3521 882 3576 his
897 3520 983 3576 rebus
996 3517 1140 3585 omnibus,

157 3574 262 3689 qiribus
276 3619 328 3656 nos
350 3599 574 3674 suppeditamus,
597 3609 663 3674 eget
686 3565 743 3668 ille,
767 3598 894 3673 (senatu,
917 3597 1061 3694 equitibus
1082 3595 1141 3652 Ro·
1155 3591 1190 3645 40

158 3679 251 3735 manis
254 3678 388 3754 „populo
405 3678 485 3746 urbe,
501 3678 610 3747 aerario,
626 3645 825 3752 vectigalibus,
841 3677 948 3732 cuncta
970 3674 1055 3732 ltalia
1059 3694 1142 3750 ,pro-

158 3757 262 3814 vinciis
282 3757 426 3825 omnibus,
450 3756 555 3812 exteris
581 3755 759 3831 nationibus)
789 3754 823 3824 si,
846 3755 889 3810 bis
911 3755 996 3811 rebus
1017 3754 1140 3825 omissis,

159 3835 234 3912 ipsas
249 3854 441 3910 causasque
464 3835 537 3892 inter
560 3854 591 3891 se
614 3834 783 3909 confligunt,
806 3833 980 3891 contendere
1002 3834 1139 3902 velimus3

90 3949 93 3955 =
158 3934 193 3972 ex
214 3935 250 3973 eo
271 3915 341 3990 ipso,
363 3912 450 3989 quarn
472 3911 554 3970 valde
578 3913 619 3970 illi
638 3913 766 3988 jaceant,
792 3912 954 3988 intelligere
980 3931 1140 3988 possumus„
