2775 4425
197 352 238 411 64
486 350 622 400 ORATIO
645 351 716 399 PRO
737 348 775 399 Μ.
800 349 1006 400 MARCELLO.

246 495 366 553 dantes:
387 494 437 551 red
452 506 548 552 tamen
563 514 598 552 ea
620 494 724 565 vicisti,
738 514 802 570 quae
823 505 955 552 naturam
976 504 1006 551 et
1026 494 1226 553 conditionem

147 590 151 598 ·
247 583 279 630 ut
292 572 369 631 vinci
384 586 510 649 possent,
526 574 687 631 habebant:
704 575 782 632 nulla
796 584 840 630 est
853 575 930 631 enirn
946 584 1027 630 tanta
1042 574 1165 650 vis,quae
1175 570 1237 631 non

247 653 321 709 ferro
336 670 371 709 ac
382 652 489 709 viribus
500 653 641 709 debilitari
654 653 803 729 frangique
814 653 912 727 possit.
954 653 1093 710 Animum
1107 654 1237 723 vincere,

247 731 427 788 iracundiam
443 732 588 802 cohibere,
603 732 750 789 victoriam
772 743 942 807 temperare,
958 732 1163 802 adversarium,
1185 752 1238 789 no-

215 810 368 880 5bilitate,
396 810 524 887 ingenio,
553 811 656 867 virtute
683 821 878 885 praestantem,
900 830 958 867 non
988 810 1075 867 modo
1096 812 1237 867 extollere

245 888 401 965 jacentem,
416 889 467 946 sed
489 890 576 947 etiam
592 889 767 965 amplificare
787 888 850 964 ejus
870 890 1019 965 pristinam
1041 890 1237 965 dignitatem3

245 968 312 1025 haec
335 967 384 1042 qui
406 967 503 1038 faciat,
526 988 583 1025 non
606 988 660 1043 ego
680 987 747 1025 eum
768 987 836 1026 cum
856 968 976 1025 summis
996 968 1064 1025 viris
1085 988 1234 1045 compam,

247 1047 298 1103 sed
313 1046 489 1104 simillimum
504 1046 567 1105 Deo
579 1045 687 1123 judico.

288 1124 400 1202 Itaque,
425 1125 459 1183 O.
475 1125 583 1196 Caesar,
599 1126 709 1183 bellicae
730 1136 788 1182 tuae
807 1126 908 1183 laudes
929 1126 1153 1183 celebrabuntur
1177 1126 1237 1183 illae

199 1215 234 1269 10
248 1204 363 1279 quidem
376 1223 433 1260 non
448 1202 540 1261 solum
554 1204 667 1274 nostris,
682 1205 733 1261 sed
747 1202 822 1279 pene
843 1205 973 1262 omnium
986 1206 1128 1281 gentium,
1143 1206 1238 1262 literis

249 1292 333 1359 atque
355 1283 477 1359 linguis3
509 1302 602 1359 neque
631 1284 689 1341 ulla
717 1303 843 1358 unquam
874 1294 943 1341 aetas
964 1285 1000 1340 de
1022 1284 1080 1342 tuis
1100 1285 1239 1341 laudibus

248 1362 434 1419 conticescet.
477 1362 536 1419 Sed
550 1374 646 1419 tamen
656 1361 796 1437 ejusmodi
808 1381 863 1433 res,
875 1362 975 1419 nescio
985 1364 1137 1438 quomodo,
1146 1364 1238 1420 etiam

248 1439 316 1498 crim
330 1441 474 1518 leguntur,
488 1441 614 1517 obstrepi
628 1441 754 1498 clamore
768 1441 889 1499 militum
906 1442 1047 1512 videntur,
1058 1452 1087 1498 et
1100 1442 1238 1498 tubarum

248 1539 327 1579 sono.
379 1522 420 1577 At
441 1518 518 1591 verri,
544 1518 611 1577 crim
641 1519 747 1595 aliquid
769 1520 936 1591 clementer,
958 1519 1121 1591 mansuete,
1145 1519 1238 1596 juste,

200 1606 234 1660 15
249 1597 407 1670 moderate,
417 1599 561 1675 sapienter
576 1599 694 1669 factum,
711 1598 755 1671 (in
770 1598 922 1656 iracundia
937 1600 1105 1675 praesertim,
1116 1618 1179 1674 quae
1190 1611 1239 1657 est

248 1677 368 1735 inimica
388 1678 520 1748 consilio,
535 1687 564 1734 et
584 1678 614 1735 in
637 1677 766 1747 victoria,
788 1698 851 1753 quae
872 1679 975 1735 natura
996 1678 1123 1735 insolens
1145 1689 1175 1735 et
1188 1698 1238 1735 sn·

247 1756 337 1831 perba
350 1756 406 1851 est)
423 1766 472 1812 aut
487 1756 629 1827 audimus,
645 1768 693 1814 aut
707 1756 848 1832 legimus;
869 1776 925 1832 quo
936 1757 1030 1814 studio
1041 1758 1238 1828 incendimur,

248 1852 307 1890 non
321 1834 406 1890 modo
429 1832 458 1890 in
479 1834 568 1910 gestis
588 1835 685 1906 rebus,
700 1837 751 1892 sed
772 1836 860 1893 etiarn
881 1836 910 1892 in
926 1836 1010 1905 lictis,
1025 1846 1057 1893 ut
1077 1855 1127 1893 eos
1147 1855 1237 1911 saepe,

247 1930 318 1986 qnos
339 1930 487 1987 nunquam
507 1913 641 1985 vidimus,
668 1912 840 1990 diligamus!
882 1914 929 1971 Te
956 1912 1034 1986 verb,
1059 1934 1144 1989 quem
1165 1935 1239 1990 prre-

198 1993 234 2047 20
249 1999 359 2046 sentem
381 1990 536 2063 intuemur,
552 1991 634 2068 cujus
655 2003 782 2050 mentem
803 2013 960 2069 sensusque
980 2004 1010 2051 et
1023 2014 1056 2051 os
1077 1994 1237 2066 cernimuS,

249 2077 291 2139 ut,
304 2069 441 2145 quidquid
457 2071 523 2129 belli
538 2071 651 2129 fortuna
662 2071 804 2147 reliquum
818 2072 985 2149 reipublicae
1000 2073 1111 2143 fecerit,
1126 2073 1155 2129 id
1169 2093 1236 2131 esse

248 2148 357 2207 salvum
372 2148 452 2222 velis,
467 2151 571 2226 quibus
584 2150 719 2209 laudibus
732 2151 905 2209 efferemusl
926 2152 1029 2228 quibus
1050 2151 1153 2209 studiis
1172 2172 1238 2229 pro-

249 2232 423 2304 sequemurl
444 2231 500 2306 quii
515 2231 716 2290 benevolentia
736 2231 984 2307 complectemurl
1017 2232 1156 2302 Parietes,
1177 2251 1238 2289 me-

248 2308 314 2365 dius
328 2309 423 2381 fidius,
440 2311 485 2386 (ut
499 2309 569 2367 mihi
584 2310 731 2388 videntur)
748 2310 833 2385 hujus
847 2311 945 2382 curiae,
960 2310 1011 2368 tibi
1026 2311 1134 2387 gratias
1149 2330 1237 2387 agere

197 2385 233 2440 25
248 2387 385 2462 gestiunt,
399 2390 475 2464 quod
490 2389 569 2446 brevi
584 2398 710 2464 tempore
725 2389 820 2446 futura
833 2389 870 2446 sit
891 2389 940 2446 illa
960 2389 1115 2448 auctoritas
1136 2389 1166 2446 in
1187 2391 1235 2448 his

248 2465 387 2539 majorum
402 2486 517 2524 snorum
532 2475 561 2523 et
574 2467 633 2522 suis
648 2467 773 2524 sedibus.

287 2543 341 2600 lv.
384 2544 536 2619 Equidem,
564 2543 631 2603 clim
660 2545 694 2602 C.
717 2545 860 2618 Marcelli,
882 2546 934 2604 viri
961 2546 1063 2622 optimi
1100 2557 1128 2604 et
1157 2567 1236 2606 com-

248 2622 427 2679 memorabili
438 2623 543 2698 pietate
558 2623 679 2697 praediti,
688 2624 831 2700 lacrymas
839 2625 925 2684 modo
936 2627 1084 2685 vobiscum
1096 2626 1234 2697 viderem,

247 2698 377 2756 omnium
404 2700 608 2759 Marcellorum
643 2722 740 2760 meum
774 2715 876 2779 pectus
910 2705 1048 2763 memoria
1083 2703 1232 2784 [obfudit]

197 2785 233 2838 30
247 2777 365 2839 Quibus
378 2789 409 2836 tu
419 2779 505 2840 etiam
520 2781 648 2852 mortuis,
658 2781 700 2839 M.
711 2781 852 2840 Marcello
870 2796 1049 2854 conservato,
1063 2784 1234 2860 dignitatem

249 2875 330 2913 suam
351 2859 519 2928 reddidisti;
542 2860 806 2936 nobilissimamque
828 2862 975 2933 familiam,
986 2863 1047 2938 jam
1069 2864 1104 2919 ad
1125 2882 1235 2938 paucos

247 2937 405 3008 redactam,
418 2937 493 3014 penti
510 2939 545 2996 ab
559 2938 676 2997 interitu
691 2939 853 2997 vindicasti.
896 2940 986 2998 Hunc
1000 2952 1032 2998 tu
1053 2941 1140 3017 igitur
1154 2941 1233 2999 diem

247 3014 305 3072 tuis
326 3017 458 3074 maximis
479 3030 508 3076 et
529 3017 786 3086 innumerabilibus
806 3018 1045 3094 gratulationibus
1069 3019 1133 3095 jure
1154 3033 1234 3077 ante-

247 3112 344 3168 pones.
386 3095 461 3154 Haec
474 3097 552 3154 enim
574 3116 619 3154 res
640 3097 726 3154 unius
747 3107 790 3154 est
810 3097 924 3172 propr-ia
944 3098 1089 3155 Caesaris:
1110 3109 1233 3170 caeterae,

196 3173 364 3231 traducere
385 3185 483 3250 gesta,
498 3195 610 3250 magnae
630 3175 686 3233 illae
706 3176 833 3250 quidem,
854 3177 905 3233 sed
926 3189 1022 3234 tamen
1044 3177 1135 3235 multo
1155 3197 1234 3254 mag-

246 3271 339 3328 noque
361 3254 506 3310 comitatu.
556 3252 652 3328 Hujus
680 3265 775 3310 autem
802 3255 844 3313 rei
865 3265 895 3312 tu
916 3255 992 3312 idem
1012 3267 1042 3313 et
1062 3257 1121 3313 dux
1141 3275 1183 3326 es,
1204 3266 1233 3313 et

246 3350 362 3388 comes:
394 3349 457 3406 quae
482 3331 597 3405 quidem
619 3341 701 3389 tanta
721 3345 774 3403 est,
796 3343 828 3390 ut
849 3335 961 3410 tropaeis
982 3335 1233 3410 monumentisque

246 3411 303 3466 tuis
318 3409 439 3467 allatura
452 3409 539 3466 finem
553 3409 590 3466 sit
604 3421 673 3466 aetas
699 3409 785 3487 (nihil
804 3411 882 3469 enim
906 3423 951 3469 est
969 3432 1056 3488 opere
1073 3423 1123 3470 aut
1143 3433 1232 3471 manu

247 3488 366 3559 factum,
380 3487 456 3565 quod
476 3488 629 3563 aliquando
643 3507 701 3546 non
716 3490 852 3548 conficiat
865 3502 895 3549 et
907 3502 1058 3550 consumat
1072 3494 1211 3568 vetustas)
1223 3511 1230 3549 ε

195 3565 231 3619 4⁰
246 3578 275 3625 at
296 3566 363 3626 verb
385 3569 448 3624 brec
468 3578 518 3624 tua
536 3566 648 3642 justitia
668 3578 697 3626 et
717 3568 821 3626 lenitas
842 3570 930 3627 animi
952 3570 1084 3628 florescet
1104 3571 1231 3646 quotidie

245 3646 348 3721 magis,
374 3645 413 3704 ita
434 3656 475 3717 ut,
496 3656 635 3722 quantum
657 3647 791 3720 operibus
818 3647 875 3704 tuis
896 3649 1069 3706 diuturnitas
1089 3649 1230 3722 detrahet,

245 3734 357 3780 tantum
373 3726 472 3782 afferat
486 3725 627 3782 laudibus.
670 3725 709 3781 Et
722 3737 841 3783 caeteros
855 3727 970 3801 quidem
984 3747 1085 3785 omnes
1107 3726 1232 3785 victores

247 3801 385 3858 bellorum
400 3803 526 3860 civilium
539 3803 598 3878 jam
614 3800 680 3859 ante
697 3804 828 3878 aequitate
843 3816 872 3861 et
892 3805 1089 3863 misericordia
1103 3806 1231 3863 viceras:

246 3878 385 3936 hodierno
405 3879 473 3938 verb
494 3881 542 3938 die
563 3890 590 3936 te
611 3881 705 3957 ipsum
726 3883 828 3940 vicisti.
868 3885 988 3956 Vereor,
1010 3905 1048 3942 ne
1068 3887 1134 3957 hoc,
1155 3885 1231 3961 quod
