2775 4425
409 347 546 399 ORATIO
568 348 638 399 PRO
660 348 802 401 ARCHIA
825 348 953 401 POETA.
1003 380 1007 387 ·
1181 352 1218 413 91

175 491 200 549 ci
215 492 280 551 baec
294 510 357 563 vox,
372 490 456 567 hujus
470 492 583 551 hortatu
596 492 804 569 preceptisque
822 493 1010 566 mulormats,
1025 492 1172 551 nonnullis

177 570 332 646 aliquando
345 570 430 629 saluti
446 572 515 641 luit;
537 590 624 647 aquo
638 570 666 628 id
680 572 856 648 accepimus,
870 590 928 649 quo
947 571 1061 631 ceteris
1079 573 1171 649 opitu·

175 648 230 705 lari
252 660 282 707 et
304 649 375 706 alios
396 668 510 707 servare
531 668 688 727 possemus,
709 650 779 707 huic
799 649 928 727 prolecto
950 651 1014 727 ipsi,
1028 661 1169 726 quantum

176 737 221 785 est
235 728 322 785 situm
337 727 367 786 in
381 728 474 798 nobis
488 739 517 785 et
530 746 613 804 opem
626 738 656 786 et
669 729 792 787 salutem
806 728 881 787 l'erre
894 729 1042 787 debemus

218 806 275 877 Ac,
290 825 327 865 ne
343 806 410 881 quis
428 824 446 863 a
465 807 547 865 nobis
567 808 622 865 hoc
642 808 683 865 ita
702 806 763 865 dici
783 805 856 865 lorti
876 808 1005 879 miretur,
1019 805 1098 885 quod
1111 808 1150 866 ali
1201 812 1221 865 5

177 886 309 957 quadam
331 884 361 942 in
382 885 437 943 boc
457 886 580 943 facultas
593 886 630 943 sit
644 885 765 962 ingenii,
779 904 874 961 neque
887 886 951 945 bec
964 885 1081 945 dicendi
1095 826 1171 948 ratid

178 972 228 1020 aut
247 962 416 1039 disciplina;
438 984 475 1023 ne
497 982 549 1023 nos
572 964 688 1038 quidem
713 964 783 1023 huic
800 964 851 1023 uni
869 964 965 1025 studio
982 966 1098 1042 penitus
1116 975 1171 1023 unt

175 1060 263 1116 quam
285 1042 374 1099 dediti
396 1042 509 1101 luimus
552 1042 668 1101 Etenim
687 1061 789 1101 omncs
808 1054 894 1115 artes,
907 1062 972 1120 que
987 1044 1173 1103 athamania

175 1130 265 1177 tatem
293 1120 446 1196 pertinent,
470 1122 578 1180 habent
597 1122 740 1198 quoddam
761 1140 914 1181 commune
934 1122 1102 1193 vinculum3
1126 1133 1166 1195 et,

175 1198 258 1273 quasi
273 1200 444 1275 cognatione
459 1201 594 1275 quddam,
608 1200 683 1259 inter
696 1219 728 1258 se
741 1202 933 1260 continentur.
1186 1199 1221 1254 1⁰

216 1276 258 1334 II.
294 1278 363 1349 Sed,
388 1298 424 1335 ne
452 1279 500 1336 cui
527 1278 652 1337 restrium
678 1279 783 1337 mirum
804 1298 868 1337 esse
890 1280 1032 1349 videatur,
1055 1298 1113 1351 me,
1137 1280 1170 1342 in

176 1355 334 1431 questione
358 1356 497 1433 legitimi,
519 1368 549 1415 et
572 1358 602 1415 in
623 1357 737 1434 judicio
755 1358 882 1433 publico,
904 1356 973 1415 ciam
996 1377 1044 1415 res
1066 1367 1173 1434 agatur·

176 1434 253 1509 apud
274 1444 423 1510 pretorem
444 1436 539 1512 populi
561 1435 699 1506 Romani,
718 1434 907 1493 lectissimum
927 1436 1030 1506 vuum,
1043 1446 1074 1493 et
1093 1437 1169 1511 apud

175 1512 372 1571 severissimos
382 1514 505 1589 judices,
520 1525 600 1573 tanto
620 1525 763 1573 conventu
784 1514 933 1572 bominum
947 1532 983 1571 ac
997 1512 1168 1589 frequentii,

175 1592 232 1649 boc
253 1592 295 1649 uti
316 1611 422 1668 genere
440 1594 567 1665 dicendi,
581 1593 657 1668 quod
671 1611 729 1649 non
742 1591 828 1651 modii
843 1612 861 1649 a
873 1592 1083 1651 consuetudine
1094 1591 1169 1667 judi·
1187 1594 1221 1649 15

176 1670 299 1741 ciorum,
313 1669 413 1728 verium
427 1672 514 1729 etiam
537 1690 554 1728 a
573 1672 679 1730 lorensi
694 1690 836 1743 sermone,
851 1672 1020 1729 abhorreat:
1040 1690 1138 1746 queso
1151 1690 1172 1728 a

86 1774 91 1780 ·
175 1749 267 1819 vobis,
283 1759 324 1819 ut,
344 1749 374 1807 in
395 1750 450 1808 hac
471 1750 571 1821 causti,
585 1751 656 1807 mihi
676 1750 752 1807 dctis
771 1752 848 1809 banc
866 1750 992 1822 veniam,
1006 1768 1170 1809 accommoa

175 1828 275 1885 datam
296 1828 365 1885 huic
391 1848 450 1899 reo,
477 1830 558 1888 vobis
582 1828 837 1905 (quemadmodum
864 1831 960 1907 spero)
981 1848 1039 1887 non
1066 1828 1169 1887 moles-

175 1917 252 1975 tam;
282 1903 315 1963 ut
338 1925 394 1977 me,
415 1927 466 1983 pro
485 1926 598 1966 summo
616 1908 702 1983 poeti
729 1919 815 1983 atque
835 1909 1029 1967 eruditissimo
1051 1908 1174 1967 bomine:

176 1986 334 2056 dicentem,
351 1986 406 2043 boc
420 2005 562 2045 concursu
577 1986 726 2043 bominum
738 1986 1007 2058 literatissimomm,
1027 1988 1083 2043 bac
1106 2006 1166 2043 ves-
1182 1992 1220 2045 20

175 2063 221 2121 tri
243 2064 432 2136 humanitate,
460 2065 514 2123 hoc
542 2065 666 2141 denique
688 2074 809 2140 pretore
834 2076 988 2123 exercente
1013 2064 1166 2138 judicium,

174 2142 327 2220 patiamini
341 2143 377 2199 de
391 2144 494 2201 studiis
508 2142 696 2201 humanitatis
707 2162 742 2199 ac
752 2143 900 2200 literarum
909 2141 996 2219 paulo
1007 2142 1084 2216 loqui
1098 2142 1170 2197 libe·

174 2219 254 2291 riirs3
276 2231 316 2292 et,
330 2222 360 2279 in
370 2222 510 2299 ejusmodi
520 2223 652 2303 personia,
662 2241 738 2298 que,
751 2232 864 2298 propter
876 2221 967 2278 otium
982 2239 1018 2278 ec
1030 2219 1158 2276 studium

175 2298 297 2358 minime
313 2301 343 2358 in
354 2301 473 2376 judiciis
494 2301 687 2377 periculisque
707 2310 832 2358 tractata
854 2309 908 2371 est,
922 2299 964 2357 uti
985 2296 1072 2376 propri
1094 2317 1169 2356 novo

175 2379 300 2454 quodam
315 2391 345 2436 et
365 2379 500 2438 inusitato
514 2399 621 2456 genere
634 2380 762 2438 dicendi.
802 2379 892 2441 Quod
914 2379 939 2436 si
955 2378 1027 2436 mibi
1049 2396 1067 2434 a
1087 2377 1168 2435 vobis
1184 2379 1220 2433 25

176 2457 265 2514 tribui
289 2457 467 2534 concedique
488 2458 628 2529 seutiam
648 2458 797 2534 perficiam
816 2456 956 2534 profecti,
976 2468 1009 2515 ut
1028 2457 1107 2515 bunc
1128 2457 1165 2515 A.

176 2535 336 2607 Licinium,
351 2557 408 2594 non
430 2535 515 2595 modd
535 2556 593 2596 nou
614 2537 835 2616 segregandum,
849 2536 917 2595 crim
931 2537 968 2594 sit
982 2537 1064 2607 civis,
1079 2555 1097 2594 a
1114 2539 1167 2594 nu·

176 2633 257 2672 mero
277 2615 394 2686 civium,
408 2613 508 2675 verirm
528 2616 627 2686 etiam,
647 2615 750 2674 sinon
769 2627 855 2686 esset,
875 2617 982 2694 putetis
1002 2616 1167 2674 adsciscen-

176 2694 247 2750 dum
262 2693 359 2751 luisse.

217 2771 276 2829 III.
310 2772 399 2844 Nam,
414 2772 583 2850 utprimirm
607 2793 642 2832 ex
664 2774 762 2851 pueris
783 2773 907 2831 excessit
928 2773 1065 2841 Archias,
1081 2785 1166 2846 atque
1182 2777 1219 2830 30

177 2851 216 2907 ab
230 2851 266 2908 iis
280 2851 389 2908 artibus
402 2853 506 2926 quibus
520 2861 590 2910 aetas
602 2853 721 2929 puerilis
741 2852 778 2910 ad
798 2852 1006 2908 humanitatem
1020 2851 1166 2907 informari

177 2929 260 3000 solet,
275 2949 305 2986 se
327 2921 528 2988 adscribendi
549 2932 675 2989 studium
697 2930 835 2997 contulit3
856 2926 980 3003 primum
1002 2927 1167 2983 Antiochiae

178 3007 262 3084 (nam
284 3008 324 3065 ibi
351 3018 436 3066 natus
463 3019 516 3080 est,
537 3010 600 3068 loco
626 3008 727 3077 nobili,
748 3007 855 3064 celebri
882 3005 1025 3078 quondam
1047 3004 1119 3060 urbe
1138 3015 1169 3061 et

177 3086 304 3162 copiosi,
324 3097 408 3162 atque
423 3089 624 3146 eruditissimis
643 3084 807 3144 bominibus
825 3080 1090 3154 liberalissimisque
1110 3093 1168 3137 stu·

177 3165 235 3222 diis
256 3165 397 3245 affluenti)
423 3166 554 3224 celeriter
582 3165 756 3224 antecellere
778 3162 913 3220 omnibus
939 3159 1049 3237 ingenii
1077 3160 1168 3236 gloriis
1185 3168 1220 3221 35

177 3243 319 3320 contigit:
340 3243 404 3319 prist
418 3244 448 3302 in
462 3246 575 3303 caeteris
595 3244 674 3301 Asiae
695 3242 833 3318 partibus,
848 3251 1018 3315 cuncteque
1036 3239 1167 3309 Graeciae,

178 3321 223 3379 sic
244 3321 305 3396 ejus
326 3323 465 3380 adventus
479 3323 689 3393 celebrabatur,
704 3333 737 3378 ut
750 3321 856 3378 samam
871 3319 979 3397 ingenii
994 3318 1176 3394 exspectatio.

177 3399 312 3472 hominis,
327 3403 569 3477 exspectationem
590 3401 679 3478 ipsius
700 3401 838 3458 adventus
856 3399 1073 3472 admiratioque,
1088 3415 1169 3470 supe-

176 3489 264 3536 raret.
306 3479 377 3537 Erat
391 3479 477 3537 Italia
491 3491 561 3538 tunc
581 3480 666 3556 plena
685 3481 854 3538 Graecarum
876 3477 979 3535 artium
995 3495 1030 3533 ac
1044 3475 1170 3550 discipli·

177 3575 302 3615 narum:
323 3559 475 3634 studiaque
494 3561 557 3616 haec
576 3568 608 3615 et
630 3559 659 3615 in
681 3558 767 3616 Latio
788 3552 987 3615 vehementius
1009 3563 1071 3610 tum
1095 3552 1169 3609 cole-
1186 3561 1222 3616 4ο

178 3635 295 3706 bantur,
309 3635 396 3712 quim
411 3657 490 3696 nunc
511 3637 612 3695 iisdem
627 3638 657 3693 in
671 3637 797 3713 oppidis;
819 3645 849 3692 et
867 3632 915 3691 bic
929 3634 1043 3702 Rome
1056 3641 1170 3707 propter

177 3715 417 3790 tranquillitatem
438 3715 614 3791 reipublice,
628 3735 684 3774 non
706 3714 934 3790 negligebantur.
976 3710 1078 3785 Itaque
1092 3711 1170 3768 bunc

178 3803 209 3851 et
225 3792 391 3865 Tarentini,
406 3804 435 3852 et
453 3794 594 3872 Rhegini,
609 3804 638 3852 et
658 3792 853 3868 Neapolitani,
868 3789 984 3848 civitate
1003 3789 1170 3866 caterisque
