2775 4425
355 372 493 423 ORATIO
516 372 585 423 PRO
606 372 706 425 REGE
729 372 922 424 DEIOTARO.
1146 378 1188 437 87

176 516 237 573 XI.
273 517 338 575 Sint
359 515 430 575 sane
452 516 620 588 inimicitiae,
636 536 700 592 qua·
720 536 783 575 esse
799 536 856 575 non
873 515 1026 575 debebant.
1067 514 1135 574 Rex

134 595 219 652 enirn
241 596 396 654 Deiotarus
417 607 538 653 vestram
561 596 711 667 familiam,
726 597 869 672 abjectam
889 606 919 653 et
937 595 1134 665 obscuram,e

134 675 269 732 tenebris
298 675 327 733 in
349 676 444 732 lucem
473 676 610 733 evocavit.
650 674 730 736 Quia
753 686 834 731 tuum
853 687 963 751 patrem
985 674 1062 744 ante,
1084 674 1134 763 qui

135 762 228 823 esset,
249 752 335 827 quam
357 753 440 829 cujus
466 772 555 830 gener
579 764 664 825 esset,
686 753 815 811 audivitl
849 754 908 811 Sed
936 754 1066 827 quamvis
1092 754 1134 809 in·

135 830 223 920 grate
245 842 275 890 et
295 832 382 921 impie
405 832 627 890 necessitudinis
647 850 752 890 nomen
773 832 966 922 repudilaritis,
980 843 1076 889 tamen
1092 832 1134 889 in·
1167 846 1186 901 5

137 906 279 967 imicitias
300 910 447 968 bominum
469 929 547 967 more
567 930 668 987 gerere
688 911 833 1001 poteratis,
849 930 905 969 ιιοιι
927 910 995 969 ιιοιι)
1011 910 1134 969 crimine

138 985 289 1060 insectari,
305 1010 361 1047 uon
382 1000 514 1065 expetere
536 992 632 1060 vitam,
647 1008 704 1047 non
725 990 829 1067 capitis
849 1008 1003 1047 arcessere.
1045 988 1133 1047 Esto:

137 1069 321 1124 concedatur
336 1070 398 1125 haec
412 1087 524 1158 quoque
546 1069 712 1126 acerbitatis
725 1080 755 1127 et
767 1068 826 1127 odii
841 1068 1026 1157 magnitudo:
1048 1067 1134 1127 aded-

134 1164 186 1215 ue,
204 1157 235 1202 ut
257 1148 344 1203 etiam
364 1147 462 1204 omnia
482 1147 546 1205 vitae
567 1146 725 1221 salutisque
745 1149 917 1219 communis,
938 1160 1025 1223 atque
1044 1148 1133 1205 etiam

136 1191 368 1296 huiuanitatiss
358 1244 423 1301 jura
444 1226 604 1283 violenturl
634 1227 756 1283 Servum
783 1193 938 1285 sollicitaie
958 1228 1062 1297 verbis,
1083 1246 1133 1303 spe
1153 1238 1186 1291 10

135 1304 345 1379 promissisque
369 1322 561 1380 corrumpere,
583 1306 729 1363 abducere
748 1306 842 1375 domo,
864 1319 964 1363 contra
984 1272 1133 1364 dominum

137 1400 271 1452 armare;
294 1384 349 1441 hoc
370 1394 422 1453 est,
444 1404 500 1441 uon
522 1384 572 1441 uni
592 1383 761 1472 propinquo,
781 1384 832 1441 sed
852 1385 986 1442 omnibus
1006 1384 1132 1453 familiis,

136 1460 248 1516 bellum
263 1427 406 1519 iresarium
421 1463 557 1521 indicere.
599 1462 627 1519 N
632 1480 678 1519 am
696 1462 751 1519 ista
764 1463 925 1537 corruptela
938 1462 1022 1533 servi,
1037 1462 1061 1518 si
1076 1481 1133 1519 non

136 1539 255 1596 modd'
249 1541 389 1616 impunita
410 1540 503 1613 fuerit,
525 1541 575 1599 sed
597 1541 685 1599 etiam
707 1560 725 1599 a
744 1541 824 1598 tanta
847 1541 1016 1600 auctoritate
1037 1559 1134 1628 appro-

137 1617 224 1687 bata;
247 1620 319 1676 nulli
332 1621 455 1696 parietes
470 1631 595 1678 nostram
615 1620 748 1691 salutem,
763 1620 849 1677 nulle
863 1616 952 1697 leges,
967 1620 1066 1677 nulla
1057 1638 1132 1694 Jura,
1152 1619 1186 1673 15

136 1699 312 1755 custodient.
355 1698 412 1755 Ubi
432 1698 509 1757 enim
531 1700 570 1770 id,
586 1700 661 1774 quod
680 1700 758 1756 intus
771 1710 815 1756 est
829 1711 914 1774 atque
930 1710 1067 1768 nostrum,
1083 1699 1134 1754 im·

137 1775 216 1849 pune
238 1778 351 1835 evolare
371 1788 472 1867 potest,
488 1789 644 1853 contraque
658 1798 711 1837 nos
726 1798 871 1856 pugnare3
893 1778 925 1835 lit
940 1779 969 1837 iu
983 1778 1132 1835 dominatu

136 1856 271 1926 servitus,
288 1856 317 1913 in
332 1856 467 1913 servitute
481 1856 652 1915 dominatus.

175 1934 206 1991 Ο
223 1901 366 2011 tempora!
388 1955 407 1993 o
420 1936 529 1994 mores!
552 1936 606 1993 Cn
622 1936 767 1994 Domitius
788 1938 846 2009 ille,
861 1936 962 2015 (quem
982 1957 1034 1995 nos
1049 1936 1131 2015 pueri

136 2014 298 2085 consulem,
326 2034 485 2085 censorem,
509 2015 674 2091 pontificem
704 2018 870 2087 maximum,
891 2018 1029 2093 vidimus)
1051 2017 1130 2088 ciam,
1147 2027 1184 2081 20

136 2092 273 2149 tribunus
286 2093 387 2169 plebis,
403 2092 443 2149 M.
460 2094 603 2151 Scaurum
607 2096 788 2171 ,principem
802 2096 937 2165 civitatis,
947 2096 975 2151 in
988 2064 1131 2170 judiciuui

135 2171 234 2260 populi
256 2172 395 2243 vocasset,
411 2172 572 2248 Scaurique
592 2193 691 2231 sersus
713 2173 749 2231 ad
770 2191 837 2231 eum
858 2140 937 2232 claui
954 2174 1071 2230 domum
1086 2193 1132 2232 ve·

135 2251 239 2322 nisset,
260 2263 289 2308 et
310 2253 431 2309 crimina
452 2253 481 2310 in
502 2253 650 2311 dominum
671 2253 833 2310 delaturum
854 2273 885 2310 se
912 2271 976 2309 esse
996 2251 1131 2321 dixissen

133 2330 278 2404 prehendi
303 2331 447 2388 hominem
468 2332 563 2407 jussit,
592 2333 627 2388 ad
657 2332 859 2406 Scaurumque
886 2330 1001 2388 deduci.
1044 2331 1130 2400 Vide,

135 2410 206 2482 quid
229 2409 356 2467 intersit:
378 2411 431 2468 etsi
454 2410 551 2485 inique
573 2411 724 2468 Castorem
745 2429 812 2468 cum
834 2411 961 2469 Domitio
980 2429 1130 2486 comparo:
1147 2413 1184 2468 25

134 2489 185 2544 sed
203 2499 300 2546 tamen
323 2488 370 2546 ille
391 2489 510 2547 inimico
528 2509 640 2546 servum
655 2490 782 2561 reinisit;
804 2502 835 2547 tu
850 2491 887 2548 ab
902 2509 954 2548 aro
967 2490 1130 2549 abduxisti:

135 2565 183 2624 ille
208 2567 403 2642 incorruptum
426 2569 525 2626 audire
542 2569 650 2639 noluit3
672 2579 704 2626 tu
719 2571 885 2647 corrupisti:
908 2570 956 2628 ille
971 2571 1129 2645 adjutorem

135 2662 251 2702 servum
272 2657 372 2704 contra
393 2647 541 2705 dominum
565 2614 742 2725 repudiavit3
770 2661 802 2708 tu
821 2650 910 2708 etiam
931 2663 1130 2708 accusatorem

136 2724 304 2782 adhibuisti

174 2805 218 2860 At
239 2804 327 2862 semel
350 2805 402 2862 iste
423 2815 467 2862 est
494 2817 644 2883 corruptus
666 2827 683 2865 a
703 2809 803 2866 robisl
836 2828 943 2879 nonne,
965 2807 1033 2865 crim
1053 2819 1130 2866 esset
1145 2815 1182 2868 30

134 2883 303 2972 productus,
318 2894 347 2940 et
367 2903 434 2940 cum
456 2894 553 2942 tecum
576 2886 684 2957 luisset,
699 2887 806 2963 resugit
827 2889 862 2943 ad
883 2887 1012 2962 legatosl
1034 2907 1130 2944 nonne

135 2963 224 3018 etiarn
246 2963 282 3018 ad
304 2963 383 3020 hunc
403 2963 458 3020 Cn
474 2964 633 3022 Domitium
655 2965 752 3023 venitl
787 2965 903 3033 Nonne,
919 2965 1054 3022 audiente
1075 2966 1130 3021 hoc

136 3039 199 3098 Ser.
216 3041 355 3117 Sulpicio,
369 3042 568 3101 clarissimo
544 3063 612 3113 viro,
628 3043 676 3117 qui
699 3054 760 3099 tum
781 3061 852 3098 casu
873 3043 948 3117 apud
969 3041 1130 3099 Domitium

137 3120 281 3190 coenabat,
302 3130 332 3177 et
352 3121 407 3178 hoc
428 3120 465 3178 T.
487 3121 646 3212 Torquato,
667 3121 775 3196 optimo
799 3119 991 3189 adolescente,
1012 3139 1043 3176 se
1065 3139 1082 3177 a
1101 3130 1130 3176 te

136 3209 311 3273 corruptum,
334 3199 392 3256 tuis
413 3201 559 3277 promissis
581 3201 611 3258 in
636 3200 767 3258 fraudem
791 3199 954 3275 impulsum,
976 3216 1041 3255 esse
1063 3217 1131 3256 con·
1146 3212 1181 3265 35

137 3275 228 3332 sessus
243 3279 306 3335 estl

175 3355 248 3412 XII.
283 3356 360 3418 Quae
381 3368 425 3415 est
446 3357 501 3415 ista
520 3367 580 3415 tarn
601 3357 762 3435 impudens,
777 3368 837 3416 tam
853 3358 990 3429 crudelis,
1004 3367 1063 3414 tarn
1079 3357 1131 3413 irn-

136 3435 283 3492 moderata
303 3436 522 3495 inhumanitasl
557 3437 673 3495 Idcirco
694 3437 722 3495 in
745 3440 821 3496 hanc
841 3439 942 3496 urbem
962 3436 1077 3506 venisti,
1098 3445 1131 3492 ut

136 3511 221 3588 hujus
236 3515 314 3571 urbis
333 3515 399 3590 jura
420 3527 449 3574 et
469 3517 599 3591 exempla
620 3535 827 3592 corrumperes,
842 3517 1058 3590 domesticisque
1079 3515 1131 3571 im·

136 3592 274 3650 inanitate
288 3603 391 3651 nostrae
406 3594 531 3652 civitatis
546 3596 754 3652 humanitatem
769 3596 957 3670 inquinaresl
1146 3603 1182 3656 40

175 3672 215 3727 At
230 3670 315 3745 qudm
332 3673 417 3730 acute
434 3674 555 3731 collecta
570 3675 710 3731 crimina!
746 3674 918 3744 Blesamius,
933 3672 1036 3746 inquit,
1052 3672 1129 3750 (ejus

137 3750 211 3806 enim
233 3751 359 3821 nomine,
381 3752 479 3828 optimi
506 3753 638 3822 hominia,
661 3772 717 3809 nec
739 3754 791 3809 tibi
814 3753 914 3828 ignoti,
936 3752 1129 3812 maledicebat

136 3828 200 3906 tibi)
224 3829 260 3886 ad
289 3849 387 3906 regem
408 3831 536 3888 scribere
557 3831 675 3902 solebat,
697 3842 726 3887 to
747 3831 776 3888 iu
798 3831 907 3889 iuvidid
927 3851 1006 3901 esse3
1034 3844 1129 3908 tyran-

136 3924 203 3965 uum
225 3909 403 3981 existimari,
425 3910 521 3967 statua
544 3909 617 3967 inter
639 3929 724 3987 reges
742 3911 834 3987 positia
856 3911 966 3969 animos
980 3913 1128 3971 hominum
