2775 4425
194 362 236 419 66
481 359 618 410 ORATIO
640 360 710 409 PRO
732 360 771 409 Μ.
792 358 1002 409 MARCELLO.

243 520 293 559 um
306 502 411 579 vagina
430 522 554 561 vacuum
579 504 609 561 in
630 503 710 561 Urbe
730 523 788 560 nou
811 503 942 559 vidimus.
983 503 1069 564 Quos
1083 502 1237 560 amisimus

244 579 332 651 cives,
345 600 395 638 eos
409 580 513 639 Martis
527 582 569 638 vis
592 582 727 658 perculit,
740 600 800 639 non
821 582 864 639 ira
877 581 1024 651 victoriae3
1047 592 1079 638 ut
1099 583 1234 638 dubitare

243 659 349 717 debeat
362 678 457 731 nemo,
468 660 537 735 quin
552 661 666 731 multos,
677 661 702 717 si
716 660 778 717 lieri
790 671 897 736 posset,
911 660 946 716 C.
961 660 1061 716 Caesar
1081 660 1118 715 ab
1132 660 1233 717 inseris

243 738 395 808 excitaret3
416 740 552 813 quoniam
579 758 616 797 ex
642 740 744 796 eidem
771 739 835 795 acie
855 749 1015 807 conservat,
1037 758 1109 812 quos
1129 749 1231 813 potest

211 816 373 874 5Alterius
395 816 463 874 verb
487 818 586 894 partis,
608 816 680 874 nihil
706 818 829 893 amplius
849 817 957 886 dicam,
981 815 1067 891 quam
1084 816 1138 892 (id,
1152 818 1229 891 quod

243 913 343 951 omnes
357 896 539 974 verebamur)
554 896 640 953 nimis
655 896 824 953 iracundam
838 896 963 953 futuram
975 896 1062 953 luisse
1073 896 1230 952 victoriam.

242 973 374 1034 Quidam
387 974 475 1045 enim,
490 994 548 1031 non
571 973 657 1031 modo
680 974 806 1045 armatis,
831 975 882 1030 sed
906 974 1050 1030 interdum
1074 974 1162 1030 etiam
1175 974 1231 1030 oti-

242 1052 310 1122 osis,
324 1052 527 1109 minabantur:
548 1072 614 1123 nec,
628 1052 698 1127 quid
708 1053 828 1127 quisque
838 1052 985 1122 sensisset,
997 1052 1049 1108 sed
1058 1051 1107 1108 ubi
1118 1052 1229 1122 fuisset,

244 1131 430 1205 cogitandum
451 1150 515 1187 esse
537 1130 691 1200 dicebant;
713 1142 745 1187 ut
768 1131 839 1187 mibi
861 1131 978 1205 quidem
1005 1131 1156 1186 videantur
1177 1130 1230 1187 Dii

197 1208 428 1279 minimorum,
453 1208 553 1283 (etiam
576 1210 600 1265 si
622 1228 755 1285 poenasa
778 1210 883 1285 populo
904 1208 1039 1266 Romano
1052 1209 1090 1266 ob
1114 1209 1230 1283 aliquod

244 1287 381 1345 delictum
396 1288 603 1363 expetiverunt,
617 1287 666 1362 qui
688 1287 773 1344 civile
797 1288 904 1344 bellum
927 1298 1039 1343 tantum
1052 1298 1153 1344 ettam
1169 1288 1231 1344 luo·

243 1375 358 1423 tuosum
372 1366 575 1445 excitaverint)
603 1366 647 1422 vel
670 1365 776 1442 placati
788 1366 859 1441 jam,
881 1366 925 1423 vel
947 1366 1043 1422 satiati
1064 1366 1229 1439 aliquando,

243 1464 359 1502 omnem
378 1464 458 1521 spem
480 1445 579 1502 salutis
607 1445 642 1503 ad
667 1445 850 1502 clementiam
875 1444 993 1501 viatoris
1014 1453 1043 1500 et
1057 1444 1230 1519 sapientiam

245 1524 410 1581 contulisse.

196 1606 230 1661 15
283 1603 385 1664 Quare
398 1604 493 1679 gaude
507 1614 556 1661 tuo
570 1601 624 1660 isto
636 1614 694 1660 tam
709 1601 863 1659 excellenti
876 1602 971 1670 bono;
991 1610 1022 1657 et
1041 1600 1145 1671 fruere,
1160 1597 1230 1657 crim

245 1680 359 1737 fortuni
369 1696 398 1737 et
410 1681 511 1757 gloria,
526 1691 587 1737 tum
601 1681 687 1738 etiam
702 1681 805 1737 naturai
826 1690 856 1738 et
876 1680 1002 1737 moribus
1015 1680 1091 1749 tuis;
1112 1699 1148 1736 ex
1169 1698 1229 1753 quo

243 1758 360 1833 quidem
374 1760 515 1816 maximus
526 1768 569 1815 est
584 1758 693 1816 fructus
705 1759 928 1837 iucunditasque
942 1758 1072 1833 sapienti.
1115 1758 1230 1815 Caetera

245 1834 313 1893 clim
326 1845 377 1893 tua
390 1836 587 1908 recordabere‚
602 1838 656 1893 etsi
675 1857 802 1913 persepe
823 1838 930 1908 virtuti,
945 1848 1041 1893 tamen
1061 1836 1231 1911 plerumque

245 1912 385 1984 felicitati,
400 1923 456 1971 tuae
480 1916 727 1991 congratulabere.
769 1916 814 1973 De
838 1916 930 1986 nobis,
944 1934 1015 1990 quos
1037 1914 1067 1971 iu
1080 1914 1231 1989 republicis

194 2004 231 2057 20
244 2001 341 2049 tecum
356 1992 440 2049 simul
461 1993 553 2051 salvos
566 2013 629 2051 esse
650 1994 775 2065 voluisti,
788 1995 901 2070 quoties
922 1993 1072 2069 cogitabis,
1086 1994 1170 2050 toties
1191 1993 1230 2049 de

245 2070 377 2129 maximis
385 2070 442 2129 tuis
451 2072 610 2144 beneficiis,
618 2072 703 2130 toties
716 2074 752 2130 de
767 2073 929 2131 incredibili
950 2072 1130 2142 liberalitate,
1145 2071 1231 2128 toties

245 2149 282 2207 de
295 2149 433 2228 singulari
447 2152 589 2228 sapientia
601 2152 662 2224 tuat,
674 2152 832 2229 cogitabis:
853 2171 917 2227 quae
930 2170 988 2207 non
1013 2150 1100 2207 modo
1114 2168 1230 2207 summa

244 2229 330 2302 bona,
358 2231 408 2287 sed
435 2231 570 2288 nimirum
599 2233 711 2288 audebo
733 2231 775 2289 vel
802 2230 864 2288 sola
887 2231 994 2288 dicere.
1044 2230 1160 2286 Tantus
1185 2240 1230 2286 est

245 2309 322 2366 enim
337 2309 470 2384 splendor
484 2310 514 2367 in
528 2311 613 2367 laude
627 2311 705 2380 veri,
719 2320 799 2366 tanta
821 2310 849 2367 in
874 2309 1072 2386 magnitudine
1092 2308 1180 2365 animi
1199 2318 1230 2365 et

195 2397 231 2451 25
246 2387 358 2444 consilii
372 2389 508 2463 dignitaS,
523 2399 554 2445 ut
574 2389 636 2445 haec
652 2389 785 2445 avirtute
806 2389 922 2460 donata,
947 2397 1053 2445 oaetera
1075 2407 1092 2444 a
1115 2386 1230 2444 fortunii

245 2465 427 2522 commodata
440 2484 503 2522 esse
517 2466 677 2522 videantur.
718 2466 788 2543 Noli
809 2477 895 2543 igitur
909 2467 938 2523 in
954 2466 1159 2538 conservandis
1180 2466 1229 2522 bo·

245 2541 291 2597 nis
310 2543 378 2598 viris
399 2543 559 2618 defatigari,
584 2562 641 2599 non
664 2545 821 2619 cupiditate
841 2545 997 2621 praesertim
1019 2556 1068 2601 aut
1091 2544 1230 2620 pravitate

246 2618 341 2692 aliqui
361 2619 458 2694 lapsis,
472 2621 523 2678 sed
546 2621 681 2697 opinione
704 2623 803 2687 officii,
819 2623 906 2681 stulti
927 2624 1056 2693 sortasse,
1070 2622 1149 2680 certe
1171 2642 1228 2678 non

246 2696 384 2772 improba,
399 2709 428 2755 et
442 2699 538 2774 specie
552 2699 676 2774 quidam
697 2701 871 2777 reipublicae.
914 2701 981 2758 Non
1003 2702 1080 2758 enim
1100 2713 1152 2758 tua
1171 2700 1231 2757 ulla

196 2788 232 2842 30
246 2776 332 2850 culpa
352 2786 405 2846 est,
428 2777 452 2833 si
475 2787 504 2834 te
527 2779 614 2853 aliqui
641 2780 816 2837 timuerunt:
838 2779 1005 2854 contrdque,
1024 2799 1137 2837 summa
1157 2779 1230 2850 laus,

245 2852 322 2930 quod
337 2855 464 2931 plerique
478 2856 597 2914 minime
613 2858 772 2916 timendum
787 2859 874 2916 fuisse
889 2868 1050 2916 senserunt.

182 2979 184 2984 .
286 2932 356 2992 VII.
379 2933 469 2992 Nunc
491 2935 559 2994 verb
582 2937 666 2994 venio
681 2938 717 2993 ad
731 2938 929 3013 gravissimam
942 2937 1098 3012 querelam,
1112 2946 1143 2992 et
1157 2946 1231 2994 atro-

246 3012 391 3070 cissimam
407 3015 599 3090 suspicionem
614 3026 711 3085 tuam;
732 3036 795 3090 quae
809 3036 866 3073 non
876 3016 928 3072 tibi
942 3016 996 3091 ipsi
1016 3015 1118 3091 magis,
1132 3014 1228 3089 quim,

246 3089 314 3149 cirm
325 3093 459 3150 omnibus
473 3094 595 3164 civibus,
610 3104 670 3151 tum
685 3093 811 3151 maxime
823 3095 916 3165 nobis,
927 3095 977 3169 qui
992 3113 1009 3150 a
1022 3104 1051 3151 te
1068 3094 1229 3150 conservati

196 3185 231 3238 35
246 3190 355 3242 sumus,
370 3172 546 3246 providenda
564 3183 624 3229 est:
645 3192 731 3248 quam
758 3173 812 3230 etsi
839 3193 922 3248 spero
943 3192 1007 3230 esse
1031 3172 1141 3240 salsam,
1156 3191 1230 3228 nun·

245 3269 331 3323 quam
359 3259 455 3306 tamen
480 3250 574 3307 verbis
597 3247 768 3308 extenuibo.
818 3252 887 3308 Tua
912 3252 990 3308 enim
1015 3250 1113 3308 cautio
1133 3260 1230 3306 nostra

245 3327 342 3385 cautio
356 3336 415 3395 est;
438 3337 480 3397 ut,
494 3328 519 3384 si
541 3328 571 3384 in
597 3329 732 3387 alterutro
753 3331 935 3405 peccandum
959 3330 1006 3400 sit,
1019 3329 1118 3386 malim
1139 3328 1228 3385 videri

245 3405 331 3462 nimis
346 3404 472 3476 timidus,
487 3403 572 3480 quim
587 3425 687 3482 parum
711 3408 847 3484 prudens.
890 3409 949 3465 Sed
970 3407 1102 3483 quisnam
1117 3417 1161 3463 est
1175 3407 1230 3463 iste

244 3493 302 3541 tam
318 3484 457 3540 demensi
478 3484 514 3542 de
528 3483 645 3542 tuisnel
666 3486 780 3543 tametsi
803 3487 852 3562 qui
873 3487 966 3564 magis
989 3499 1057 3543 sunt
1076 3485 1129 3555 tui,
1142 3483 1230 3560 quim

195 3562 231 3618 to
245 3562 349 3637 quibus
362 3572 394 3620 tu
408 3562 528 3620 salutem
550 3563 763 3638 insperantibus
783 3566 953 3624 reddidistil
974 3585 1011 3621 an
1031 3583 1069 3621 ex
1082 3583 1117 3621 eo
1130 3583 1230 3621 uume-

244 3660 286 3710 ro,
301 3641 349 3714 qui
373 3641 431 3698 und
455 3654 553 3699 tecum
575 3642 712 3700 sueruntl
753 3642 822 3701 Non
846 3655 890 3701 est
911 3643 1058 3701 credibilis
1081 3653 1178 3699 tantus
1199 3643 1228 3698 in

245 3718 303 3775 ullo
326 3719 412 3791 furor,
427 3731 468 3790 ut,
492 3739 548 3795 quo
569 3721 644 3778 duee
666 3720 764 3778 omnia
785 3741 898 3780 summa
920 3723 957 3779 sit
984 3723 1114 3796 adeptus,
1143 3721 1229 3796 hujus

245 3797 332 3852 vitam
347 3815 404 3853 non
420 3809 575 3874 anteponat
589 3819 656 3856 suae.
700 3797 779 3890 [At]
795 3801 869 3857 situi
880 3801 951 3858 nihil
964 3801 1094 3877 cogitant
1102 3800 1228 3867 sceleris,

245 3873 407 3930 cavendum
430 3885 484 3946 est,
511 3896 548 3933 ne
573 3878 642 3952 quid
669 3878 788 3936 inimici.
829 3879 913 3941 (tuit
933 3898 1035 3936 omnes
1061 3878 1152 3950 enim,
1179 3877 1228 3953 qui
