2775 4425
411 335 549 387 ORATIO
572 336 642 387 PRO
666 336 807 387 Ancffln
831 335 958 388 rosta.
1168 339 1210 400 97

164 492 258 540 natur.
301 480 337 538 In
355 481 460 538 coelum
484 479 568 555 hujus
588 499 709 556 proavus
729 480 804 540 Cato
823 481 949 540 tollitur:
970 499 1093 572 magnus
1106 483 1156 541 bo·

163 581 216 618 nos
236 561 332 636 populi
361 559 487 618 Romani
515 560 600 616 rebus
621 560 795 636 adjungitur.
835 561 948 618 Omnes
967 562 1091 637 dentque
1112 561 1155 620 illi

164 639 297 710 Maximi,
320 638 463 708 Marcelli,
485 638 591 710 Fulvii,
611 659 669 696 non
690 640 753 696 sine
774 640 920 698 communi
939 640 1069 699 omnium
1089 661 1155 700 nos·

164 719 241 776 trirm
254 718 341 775 laude
355 718 536 775 decorantur.

203 797 243 854 X.
278 795 357 874 Ergo
377 795 468 868 illurn,
481 795 531 870 qui
551 797 614 854 haec
635 795 754 868 fecerat,
772 796 905 854 Rudium
926 798 1081 872 hominem,
1095 818 1155 858 ms·
1188 809 1208 864 5

163 875 238 952 jores
252 877 340 933 nostri
352 876 381 933 in
393 874 537 932 civitatem
548 887 719 951 receperunt
730 896 737 945 ;
758 896 810 934 nos
825 877 902 934 hunc
916 877 1153 952 Heracleensem,

164 955 262 1012 multis
283 955 447 1013 civitatibus
467 953 633 1028 expetitum,
655 954 685 1012 in
713 957 770 1014 hac
796 967 894 1013 autem
916 956 1030 1034 legibus
1049 957 1155 1016 consti·

164 1044 268 1105 tutum,
283 1034 320 1091 de
334 1033 430 1092 nostrai
445 1032 561 1091 civitate
574 1033 746 1110 ejiciemusl

203 1113 233 1170 N
237 1132 292 1183 am,
304 1113 328 1170 si
342 1113 406 1188 quis
420 1112 558 1169 minorem
572 1112 669 1188 gloria
684 1113 809 1171 fructum
823 1125 905 1190 putat
917 1134 954 1173 ex
966 1115 1079 1175 Grecis
1093 1135 1154 1174 ver·

164 1193 244 1250 sibus
263 1193 381 1269 percipi,
396 1189 481 1266 qulam
496 1210 532 1248 ex
551 1189 673 1262 Latinis,
687 1194 871 1250 vehementer
890 1203 985 1264 errat3
1005 1207 1154 1272 propterea
1173 1202 1207 1256 10

164 1270 242 1347 quod
262 1272 366 1328 Graeca
386 1271 519 1347 leguntur
540 1269 570 1327 in
589 1271 724 1328 omnibus
737 1270 796 1330 sere
816 1272 960 1348 gentibus,
975 1274 1081 1331 Latina
1093 1274 1154 1331 suis

164 1352 281 1421 finibus,
301 1351 414 1428 exiguis
434 1346 515 1419 sane,
536 1348 729 1407 continentur.
768 1349 882 1421 Quare,
903 1350 994 1410 sires
1015 1353 1069 1422 bre,
1082 1371 1155 1427 quas

164 1430 316 1506 gessimus,
336 1429 414 1487 orbis
443 1438 525 1486 terrae
553 1427 720 1504 regionibus
749 1429 941 1498 definiuntur;
970 1449 1077 1506 cupere
1105 1430 1155 1486 de-

164 1509 276 1578 bemus,
291 1507 347 1584 qud
362 1525 500 1564 manuum
514 1517 674 1564 nostrarum
696 1507 754 1564 tela
772 1508 964 1583 pervenerint,
978 1508 1083 1566 eodem
1096 1508 1155 1586 glo-

164 1587 237 1644 riam
249 1588 410 1662 lamamque
421 1595 570 1662 penetrare
582 1605 588 1654 ;
609 1584 688 1661 qudd
699 1584 767 1642 cirin
779 1586 847 1662 ipsis
856 1587 976 1662 populis,
987 1587 1024 1644 de
1033 1605 1154 1662 quorum
1174 1585 1208 1639 15

164 1667 252 1724 rebus
272 1667 417 1736 scribitur,
432 1665 494 1722 haec
515 1665 609 1740 ampla
629 1675 714 1735 sunt3
736 1675 797 1722 tum
817 1664 853 1722 iis
867 1665 956 1738 certe,
971 1667 1020 1742 qui
1034 1667 1071 1724 de
1084 1666 1153 1739 vitri,

165 1745 262 1822 gloriae
284 1745 382 1816 causi,
404 1743 552 1814 dimicant,
568 1743 623 1802 hoc
643 1743 800 1802 maximum
820 1755 850 1802 et
868 1744 1062 1822 periculorum
1081 1745 1153 1804 inci·

164 1835 325 1882 tamentum
339 1834 391 1895 est,
406 1833 436 1880 et
448 1822 585 1880 laborum.

203 1902 305 1964 Quam
325 1903 429 1961 multos
448 1903 600 1978 scriptores
620 1921 715 1960 rerum
729 1921 846 1960 suarum
860 1923 982 1981 magnus
996 1904 1044 1962 ille
1066 1905 1153 1962 Alex·

167 1983 256 2040 ander
277 2001 375 2039 secum
397 1980 531 2038 habuisse
552 1981 676 2038 diciturl
709 1983 806 2056 Atque
821 1982 846 2038 is
859 1993 966 2054 tamen,
980 1983 1049 2041 cirrn
1063 1984 1094 2041 in
1108 1984 1153 2041 Si·
1169 1991 1207 2044 20

166 2081 220 2137 geo
242 2063 277 2118 ad
298 2061 424 2118 Achillis
443 2059 584 2116 tumulum
606 2060 771 2132 adstitisset,
792 2059 850 2116 “O
864 2061 1034 2132 fortunate,”
1050 2061 1152 2138 inquit,

166 2147 185 2172 ‘⁴
198 2140 386 2210 adolescens,¹
402 2139 452 2216 qui
477 2148 533 2195 tuae
563 2139 675 2196 virtutis
703 2139 864 2196 Homerum
889 2157 1050 2215 preconem
1078 2140 1155 2196 inve·

166 2221 280 2278 neris!’'
315 2220 354 2277 Et
374 2218 460 2277 vere:
484 2238 562 2291 nam,
583 2218 639 2275 nisi
660 2218 731 2275 llius
751 2218 801 2275 illa
820 2218 992 2289 exstitissem
1014 2218 1091 2277 idem
1112 2228 1155 2275 tu-

166 2301 271 2369 mulus,
292 2298 341 2375 qui
362 2318 463 2374 corpus
483 2298 544 2372 ejus
565 2307 740 2368 contexerat,
761 2316 865 2355 nomen
893 2298 980 2355 etiam
1003 2297 1153 2355 obruisset

165 2378 271 2440 Quint
299 2388 394 2435 noster
415 2377 463 2435 hic
484 2375 620 2452 Magnus,
634 2376 683 2451 qui
705 2394 772 2433 cum
793 2376 897 2434 virtute
918 2377 1061 2436 fortunam
1081 2377 1155 2434 adae·
1172 2382 1209 2437 25

166 2458 273 2533 quavit,
294 2476 389 2515 nonne
410 2455 619 2532 Theophanem
640 2454 849 2531 Mitylenaeum,
869 2456 1037 2533 scriptorem
1057 2476 1153 2515 rerum

159 2556 294 2607 suarum,
310 2536 340 2593 in
361 2536 500 2594 concione
520 2534 653 2605 militurn,
668 2535 785 2593 civitate
802 2535 939 2594 donavitl
966 2547 996 2595 et
1008 2538 1098 2596 nostri
1112 2535 1154 2595 illi

167 2615 254 2673 sortes
275 2615 337 2686 viri,
358 2615 409 2672 sed
430 2613 529 2671 rustici
551 2632 586 2671 ac
606 2612 724 2685 milites,
738 2614 892 2673 dulcedine
911 2617 1036 2691 quadam
1056 2616 1153 2694 glorioe

167 2695 313 2765 commoti,
332 2693 414 2770 quasi
433 2692 586 2770 participes
607 2692 735 2769 ejusdem
754 2694 858 2767 landis,
879 2714 985 2773 magno
1004 2696 1076 2754 illud
1096 2696 1155 2754 cla·

166 2791 246 2830 more
261 2772 506 2849 approbaveruntl
1171 2776 1208 2831 30

206 2851 319 2928 Itaque,
332 2852 447 2930 (credo)
459 2852 483 2907 si
495 2849 566 2908 civis
577 2850 728 2909 Romanus
739 2850 865 2908 Archias
872 2851 988 2927 legibus
996 2871 1055 2909 non
1068 2862 1154 2923 esset,

167 2941 199 2988 ut
214 2931 251 2987 ab
266 2931 361 3007 aliquo
381 2930 550 3007 imperatore
571 2929 686 2987 civitate
708 2929 872 2999 donaretur,
886 2930 1024 3004 perficere
1037 2948 1095 2986 non
1108 2949 1156 3003 po

166 3010 230 3066 tuit.
273 3009 364 3081 Sulla,
379 3027 447 3066 cunr
468 3009 612 3085 Hispanos
633 3018 662 3065 et
681 3008 781 3065 Gallos
801 3007 930 3076 donaret,
946 3006 1061 3085 (credo)
1076 3007 1156 3065 hunc

166 3098 312 3164 petentem
333 3088 528 3164 repudiasset:
549 3106 635 3163 quern
656 3106 709 3143 nos
729 3085 757 3142 in
780 3084 919 3142 concione
940 3084 1072 3155 vidimus,
1087 3082 1155 3142 crim

166 3168 194 3231 ei
209 3168 339 3224 libellum
353 3167 446 3224 malus
459 3172 545 3244 poeta
558 3168 594 3223 de
608 3166 711 3243 populo
730 3163 911 3240 subjecisset,
925 3162 1003 3238 qudd
1017 3163 1157 3241 epigram-
1174 3172 1210 3224 35

167 3266 215 3303 ma
226 3244 256 3303 in
267 3266 333 3304 eum
347 3245 462 3303 fecisset
471 3245 668 3303 tantummodo
682 3244 799 3302 alternis
809 3243 938 3301 versibus
958 3242 1155 3319 longiusculis‚

166 3325 264 3381 statim
279 3346 314 3383 ex
329 3326 364 3382 iis
384 3325 479 3397 rebus,
493 3344 565 3401 quas
585 3334 655 3381 tunc
675 3324 827 3394 vendebat,
839 3323 940 3399 jubere
960 3324 988 3381 ei
1007 3322 1156 3399 praeminm

166 3404 265 3475 tribui,
287 3405 340 3461 sub
366 3404 402 3461 etl
427 3404 600 3474 conditione,
621 3404 748 3478 nequid
774 3413 874 3479 postea
903 3402 1050 3460 scriberet.
1091 3398 1155 3462 Qui

167 3484 350 3541 sedulitatem
364 3482 433 3540 mali
446 3488 538 3559 poetae
553 3482 666 3540 duxerit
680 3482 775 3557 aliquo
787 3494 885 3539 tamen
897 3482 1014 3559 premio
1027 3481 1156 3557 dignam,

167 3562 252 3638 hujus
268 3563 416 3639 ingenium
430 3573 459 3621 et
475 3563 605 3620 virtutem
621 3560 650 3619 in
669 3562 822 3619 scribendo
834 3570 864 3617 et
877 3561 989 3637 copiam
1003 3580 1060 3617 non
1074 3578 1153 3635 expe·
1175 3565 1210 3619 40

167 3640 271 3700 tissetl
305 3641 409 3703 Quint
440 3660 456 3699 a
475 3642 515 3704 Q.
531 3641 652 3698 Metello
665 3641 727 3712 Pio,
742 3640 965 3698 familiarissimo
978 3658 1039 3708 suo,
1054 3638 1102 3713 qui
1117 3638 1155 3697 ci·

166 3720 255 3779 vitate
279 3722 383 3779 multos
408 3721 532 3793 donavit,
555 3739 649 3795 neque
671 3740 723 3795 per
746 3739 787 3791 se,
810 3737 905 3793 neque
931 3737 981 3793 per
1008 3717 1157 3788 Lucullos,

167 3798 396 3877 impetravissetl
418 3802 467 3874 qui
487 3799 644 3878 praesertim
665 3818 756 3875 usque
775 3796 811 3857 ed
832 3798 869 3855 de
889 3796 949 3855 suis
969 3797 1055 3855 rebus
1067 3797 1156 3857 scribi
