2775 4425
189 336 227 395 42
429 324 565 375 ORATIO
587 324 633 375 lV.
656 324 694 373 IN
717 325 748 373 L.
772 324 985 375 CATILINAM.

235 478 352 528 ornetur
374 468 445 527 alter
465 468 570 526 eximii
590 468 677 527 laude
699 468 867 540 Africanus,
888 468 937 544 qui
958 470 1031 526 duas
1051 470 1137 527 urbes
1157 470 1241 529 huic

237 548 355 623 imperio
376 547 584 619 infestissimas,
599 548 808 625 Carthaginem
829 548 1087 623 Numantiamque,
1101 550 1239 607 delevit:

237 626 376 684 habeatur
396 626 438 684 vir
459 627 594 703 egregius
614 627 647 684 L.
663 628 780 697 Paulus,
796 627 854 697 ille,
869 627 952 702 cujus
973 646 1089 684 currum
1110 647 1160 685 rer
1183 648 1240 703 po-

236 705 414 763 tentissimus
433 706 576 780 quondam
597 716 626 763 et
646 706 850 776 nobilissimus,
864 705 976 775 Perses,
992 707 1170 763 honestavit:
1195 707 1239 765 sit

204 784 267 849 5in
288 786 395 843 aeterni
416 784 506 861 gloria
528 784 649 855 Marius,
665 784 714 859 qui
735 785 780 841 bis
800 784 915 841 Italiam
928 785 1077 842 obsidione
1097 795 1127 842 et
1146 796 1238 843 metu

237 864 381 921 servitutis
407 862 555 923 liberavit:
586 874 773 939 anteponatur
796 864 929 921 omnihus
956 863 1117 939 Pompeius,
1142 865 1238 939 cujus

236 962 283 1000 res
295 953 383 1020 gestae
397 953 482 1017 atque
492 941 610 999 virtutes
621 942 733 1014 iisdem,
744 942 847 1016 quibus
858 942 924 999 solis
934 961 1045 1013 cursus,
1060 941 1237 1019 regionibus

237 1040 272 1079 ac
286 1022 415 1079 terminis
429 1020 620 1079 continentur.
662 1020 727 1078 Erit
746 1020 884 1097 profecti,
899 1020 973 1078 inter
994 1021 1095 1078 horum
1113 1021 1235 1092 landeS,

237 1100 345 1175 aliquid
365 1101 421 1159 loci
442 1111 544 1158 nostre
572 1099 687 1177 gloriae;
716 1099 773 1157 nisi
794 1098 865 1157 forte
887 1100 979 1175 majus
999 1109 1043 1156 est
1061 1100 1235 1175 patefacere

191 1180 319 1241 torrebis
337 1179 508 1256 provincias,
523 1178 580 1253 qub
601 1178 679 1236 exire
698 1178 848 1256 possimus,
863 1178 949 1252 quarn
964 1196 1076 1249 curare,
1091 1188 1123 1234 ut
1136 1178 1235 1235 etiarn

237 1258 288 1329 illi,
302 1258 352 1334 qui
367 1260 479 1329 absunt,
495 1258 629 1328 habeant,
644 1257 701 1333 quo
716 1258 837 1315 victores
850 1265 1036 1314 revertantur.

275 1338 452 1412 Quanquam
473 1347 517 1395 est
536 1356 594 1395 uno
614 1337 678 1395 loco
696 1336 823 1393 conditio
837 1336 935 1393 melior
950 1347 1074 1393 externe
1087 1334 1232 1407 victoriae,

236 1414 322 1491 quarn
343 1416 523 1487 domesticae3
549 1414 625 1491 quod
647 1417 743 1473 hostes
763 1414 932 1491 alienigene
953 1425 1003 1471 aut
1021 1414 1147 1490 oppressi
1168 1434 1233 1471 ser-

236 1496 326 1567 viunt,
342 1505 391 1553 aut
411 1496 519 1571 recepti
540 1494 682 1552 beneficio
703 1514 734 1551 se
753 1494 893 1569 obligatos
912 1504 1029 1568 putant:
1057 1492 1105 1568 qui
1128 1503 1231 1550 autem

192 1578 222 1631 15
237 1594 272 1632 ex
285 1591 405 1633 numero
425 1574 542 1644 civium,
556 1573 702 1631 dementia
723 1574 819 1647 aliqua
839 1572 995 1647 depravati,
1010 1573 1105 1629 hostes
1125 1573 1231 1647 patriae

236 1654 324 1710 semel
336 1672 399 1710 esse
410 1663 567 1727 coeperunt,
578 1672 637 1722 eos,
649 1649 716 1709 clim
728 1669 746 1706 a
754 1650 883 1727 pernicie
897 1651 1061 1726 reipublicae
1075 1650 1229 1725 repuleris,

236 1750 292 1788 nec
312 1730 340 1787 vi
361 1734 506 1801 coercere,
521 1749 576 1787 nec
596 1729 738 1786 beneficio
757 1730 873 1805 placare
892 1730 990 1805 possis.
1030 1729 1132 1790 Quare
1153 1730 1230 1787 mihi

237 1827 304 1865 cum
317 1808 435 1883 perditis
449 1807 560 1865 civibus
574 1818 712 1864 eternum
732 1807 840 1864 bellum
860 1820 1023 1884 susceptum
1044 1827 1107 1865 esse
1121 1808 1229 1866 video:

236 1888 311 1961 quod
332 1905 396 1963 ego,
417 1898 510 1944 vestro
530 1887 726 1961 bonorumque
745 1887 873 1943 omnium
895 1887 1010 1957 auxilio,
1029 1887 1230 1961 memoriaque

186 1968 379 2022 tarantarum
400 1965 603 2041 periculorum,
625 1964 702 2042 (qnae
729 1984 787 2022 non
814 1964 899 2023 modii
927 1966 957 2023 in
978 1967 1033 2023 hoo
1052 1966 1155 2041 populo
1174 1966 1230 2040 qni

237 2054 365 2101 servatus
385 2054 438 2115 est,
459 2044 617 2102 sedetiam
639 2044 668 2101 in
688 2044 818 2102 omniurn
838 2045 967 2120 gentium
988 2044 1167 2101 sermonibus
1188 2064 1230 2102 ac

237 2123 391 2195 mentibus,
406 2143 517 2199 semper
532 2123 663 2203 herebit)
681 2142 698 2181 a
717 2142 764 2181 me
785 2134 869 2197 atque
891 2142 908 2179 a
928 2122 999 2180 meis
1014 2122 1098 2180 facile
1113 2124 1229 2199 propul-

237 2202 293 2261 sari
307 2223 389 2280 posse
404 2204 524 2262 confido.
565 2202 669 2278 Neque
684 2202 743 2260 ulla
755 2199 882 2278 profecto
898 2213 978 2260 tanta
996 2202 1037 2259 vis
1056 2202 1226 2278 reperietur,

236 2301 299 2358 quae
314 2283 546 2360 conjunctionem
560 2293 683 2339 vestram
698 2281 882 2356 equitumque
895 2281 1104 2352 Romanorum,
1119 2292 1149 2338 et
1161 2292 1227 2339 tan-

187 2366 223 2418 25
237 2371 295 2418 tam
317 2362 557 2438 conspirationem
578 2361 717 2418 bonorum
737 2359 875 2431 omniurn,
896 2361 1073 2437 perfringere
1098 2371 1128 2418 et
1148 2361 1227 2418 labe·

237 2440 346 2496 factare
358 2440 453 2514 possit.

276 2515 333 2574 XI.
360 2518 437 2579 Quae
465 2515 533 2574 crim
561 2515 601 2574 ita
621 2516 688 2588 sint,
709 2517 809 2575 Patres
830 2517 1003 2593 Conscripti,
1023 2536 1075 2593 pro
1095 2517 1224 2593 imperio,

237 2615 288 2671 pro
302 2595 440 2667 exercitu,
454 2615 505 2672 pro
524 2595 681 2671 provincial,
695 2615 782 2671 quam
802 2597 926 2673 neglexi,
940 2617 991 2672 pro
1004 2596 1156 2671 triumpho,
1171 2616 1226 2653 cae·

238 2673 362 2749 terisque
376 2674 469 2731 laudis
484 2675 654 2751 insignibus,
668 2695 731 2751 qnae
745 2685 812 2732 sunt
832 2695 850 2732 a
869 2693 925 2745 me,
939 2687 1051 2751 propter
1066 2675 1151 2732 Urbis
1165 2695 1226 2732 ves·

188 2761 224 2816 30
238 2763 344 2827 traeque
356 2753 455 2810 salutis
466 2753 634 2825 custodiam,
646 2754 811 2830 repudi'ata3
829 2773 879 2830 pro
890 2755 1031 2811 clientelis
1041 2753 1226 2830 hospitiisque

238 2831 546 2908 provincialibusque
561 2843 657 2890 tamen
672 2832 789 2890 urbanis
808 2833 910 2908 opibus
929 2853 987 2890 non
1004 2833 1115 2890 minore
1130 2833 1226 2889 labore

239 2922 330 2983 tueor,
351 2910 437 2987 quam
459 2931 607 2988 compar0;
635 2933 686 2988 pro
712 2911 757 2968 his
784 2911 871 2988 igitur
897 2912 1030 2969 omnibus
1056 2913 1152 2981 rebuS,
1175 2930 1227 2986 pro

239 2990 311 3048 meis
325 2991 354 3048 in
369 3011 418 3049 vos
432 2991 624 3068 singularibus
638 2990 749 3061 studiis,
760 3009 866 3066 proque
876 2991 942 3061 hac,
952 3009 1038 3066 qnam
1049 2989 1225 3065 conspicitis,

240 3072 276 3127 ad
292 3071 516 3128 conservandam
530 3069 738 3146 rempublicam
752 3069 912 3146 diligentia,
926 3069 998 3126 nihil
1013 3069 1090 3125 aliud
1106 3087 1123 3124 a
1136 3068 1225 3138 vobis,

189 3161 225 3216 35
239 3149 295 3207 nisi
323 3149 408 3224 hujus
430 3149 574 3224 temporis,
596 3148 738 3223 totiusque
766 3148 824 3206 mei
853 3147 1018 3204 consulatris
1047 3146 1225 3216 memoriam,

239 3228 365 3304 postulo;
387 3245 450 3301 quae
465 3227 533 3282 dum
548 3227 602 3284 erit
615 3227 717 3283 vestris
730 3227 875 3283 mentibus
893 3227 990 3295 infixa,
1004 3226 1167 3282 firmissimo
1180 3243 1227 3281 me

240 3325 322 3363 muro
343 3315 453 3380 septum
474 3323 537 3362 esse
559 3305 725 3362 arbitrabor.
765 3303 857 3366 Quod
871 3306 895 3361 si
909 3323 1004 3362 meam
1023 3321 1102 3380 spem
1115 3303 1158 3360 vis
1176 3303 1228 3359 im·

240 3385 391 3461 proborum
413 3383 545 3440 fefellerit
566 3394 650 3458 atque
671 3383 862 3458 superaverit3
884 3384 1054 3442 commendo
1067 3383 1147 3440 vobis
1166 3400 1228 3457 par-

241 3481 306 3520 vum
323 3481 418 3520 meum
432 3460 541 3532 filium;
563 3462 611 3520 cui
625 3460 753 3538 profecti>
767 3462 836 3519 satis
850 3462 904 3520 erit
917 3461 1051 3538 presidii,
1063 3481 1120 3518 non
1135 3458 1227 3518 solinu

192 3551 226 3605 40
242 3544 278 3600 ad
299 3542 430 3612 salutem,
453 3539 551 3598 veriam
579 3540 666 3598 etiam
695 3542 730 3597 ad
758 3540 938 3618 dignitatem,
959 3541 983 3597 si
1004 3540 1076 3616 ejus,
1096 3539 1145 3615 qui
1166 3540 1228 3595 haec

241 3621 338 3678 omnia
358 3640 410 3678 suo
428 3621 504 3678 solus
517 3619 644 3695 periculo
659 3619 878 3691 conservaverit,
894 3620 974 3676 illum
988 3639 1052 3676 esse
1066 3618 1156 3675 filium
1171 3635 1229 3673 me·

242 3711 389 3756 mmeritis.
808 3760 813 3768 ,

280 3776 474 3852 Quapropter,
495 3778 531 3835 de
552 3778 663 3835 summa
685 3778 777 3834 salute
797 3777 901 3849 vestri,
919 3776 1071 3854 populique
1092 3774 1230 3844 Romani,

243 3855 343 3913 Patres
370 3855 542 3931 Conscripti,
563 3857 600 3914 de
620 3856 722 3914 vestris
741 3855 913 3933 conjugibus
933 3875 968 3914 ac
988 3855 1096 3927 liberis,
1117 3856 1154 3912 de
1175 3853 1232 3910 aris
