2775 4425
388 370 525 422 ORATIO
546 370 616 421 PRO
638 370 737 421 Lucu
759 370 926 421 mentun.
1164 370 1203 429 51

160 515 266 575 Testis
279 522 323 573 est
336 514 442 585 Gallia,
456 534 507 591 per
520 534 606 591 quem
620 514 782 591 legionibus
803 513 907 572 nostris
929 512 958 571 in
981 512 1154 589 Hispaniam

161 597 231 665 iter,
245 595 393 652 Gallorum
408 593 614 664 internecione,
624 595 800 670 patefactum
823 604 874 650 est
917 591 1016 649 Testis
1029 605 1072 648 est
1088 592 1155 649 iiis·

161 674 263 750 partia,
274 692 337 747 quae
348 672 503 747 saepissime
514 674 649 747 plurimos
660 673 756 729 hostes
767 672 803 729 ab
814 672 868 729 boc
878 682 1025 747 superatos
1035 683 1155 747 prostra-

161 764 267 827 tosque
289 752 443 827 conspexit
485 750 584 808 Testis
604 762 648 809 est
670 751 774 808 iterum
795 760 825 807 et
846 750 949 825 sepius
971 749 1065 819 ltalia,
1079 768 1153 824 quer,

163 850 235 888 oum
250 830 343 887 servili
359 830 433 887 bello
446 839 519 887 tetro
531 830 747 905 periculosoque
761 840 947 904 premeretur,
957 830 993 887 ab
1008 829 1062 885 boc
1077 830 1186 885 auxi-5

162 910 238 966 lium
258 910 375 965 absente
397 909 546 983 expetivit;
567 908 643 982 quod
665 908 771 965 bellum
793 907 1005 983 exspectatione
1026 906 1155 983 Pompeii

164 997 347 1045 attenuatum
363 998 446 1062 atque
461 987 643 1043 imminutum
658 998 711 1058 est,
726 988 850 1044 adventu
864 986 1008 1043 sublatum
1017 1004 1053 1043 uc
1062 985 1156 1062 sepui-

162 1076 237 1123 tum.
279 1065 385 1122 Testes
399 1065 465 1122 verb
477 1066 536 1141 jam
549 1084 649 1122 omnes
663 1084 730 1136 orae,
745 1076 830 1140 atque
843 1084 943 1125 omnes
962 1076 1066 1122 exterae
1086 1084 1156 1141 gen·

163 1156 209 1202 tes
225 1163 261 1201 ac
274 1145 415 1214 nationes,
430 1144 553 1219 denique
576 1143 666 1203 maria
686 1144 793 1215 omnia,
808 1156 869 1201 tum
891 1144 1034 1213 universa,
1048 1154 1109 1200 turn
1125 1143 1154 1201 in

163 1223 289 1299 singulis
305 1221 388 1301 [oris]
398 1242 498 1281 omnes
508 1223 588 1279 sinus
599 1234 683 1297 atque
691 1234 796 1299 portus·
836 1222 914 1284 Quis
927 1222 1005 1279 enim
1016 1234 1075 1279 toto
1082 1222 1154 1279 mari
1170 1222 1205 1276 10

163 1302 248 1359 locus
261 1322 311 1377 per
326 1302 376 1359 hos
385 1320 474 1359 annos
484 1313 532 1358 aut
542 1309 600 1358 tam
610 1300 724 1359 firmum
739 1301 838 1359 babuit
852 1301 1025 1376 presidium,
1036 1312 1155 1357 uttutus

163 1392 253 1450 esset,
270 1390 385 1437 auttam
395 1380 448 1437 suit
459 1381 582 1449 abditus,
599 1390 629 1436 ut
642 1381 764 1438 latereti
783 1379 862 1440 Quis
877 1380 1030 1455 navigavit,
1039 1379 1087 1453 qui
1098 1398 1155 1435 non

163 1479 195 1517 se
215 1469 266 1517 aut
288 1459 386 1516 mortis
409 1470 458 1515 aut
479 1458 623 1517 servitutis
644 1458 774 1534 periculo
794 1458 994 1526 committeret,
1016 1474 1083 1514 eum
1106 1467 1156 1513 aut

163 1539 274 1607 hieme,
289 1548 339 1594 aut
353 1537 457 1595 referto
469 1538 634 1614 praedonum
650 1537 733 1607 mari,
747 1537 916 1612 navigaret?
957 1534 1024 1593 Hoc
1043 1545 1155 1591 tantum

165 1616 287 1686 bellum,
301 1626 359 1673 tam
374 1627 465 1692 turpe,
479 1626 538 1673 tam
553 1628 644 1686 vetus,
658 1627 718 1673 tam
732 1614 789 1673 late
804 1615 927 1672 divisum
950 1624 1035 1688 atque
1051 1613 1205 1689 disper-15

164 1714 242 1766 sum,
257 1694 321 1769 quis
336 1714 461 1769 unquam
476 1694 661 1753 arbitraretur
676 1706 726 1752 aut
740 1695 777 1751 ab
788 1694 923 1752 omnibus
939 1692 1157 1769 imperatoribus

165 1793 225 1831 uno
241 1793 326 1844 anno,
340 1784 389 1831 aut
402 1774 534 1831 omnibus
549 1774 632 1832 annis
654 1774 690 1831 ab
704 1792 763 1833 uno
784 1774 963 1848 imperatore,
978 1770 1082 1830 confici
1096 1790 1157 1848 pos-

163 1854 219 1909 sed
260 1852 360 1913 Quam
376 1853 551 1928 provinciam
573 1853 706 1911 tenuistis
728 1872 745 1911 a
765 1852 946 1929 predonibus
966 1852 1086 1909 liberam
1106 1870 1156 1927 per

163 1932 256 1989 hosce
271 1932 380 1988 annosi
401 1932 476 2006 quod
493 1931 614 2007 vectigal
630 1933 710 1990 vobis
729 1941 823 1989 tutum
845 1931 918 1989 tunt
938 1948 1023 2005 quern
1045 1930 1154 1987 socium

164 2010 354 2067 defendistis?
377 2010 424 2067 cui
441 2010 572 2084 praesidio
582 2011 723 2068 classibus
736 2010 836 2068 restris
847 2010 960 2067 fuistis?
981 2008 1068 2084 qudm
1085 2008 1157 2066 mui-
1169 2018 1205 2073 20

164 2098 211 2147 tas
227 2088 395 2145 existimatis
409 2088 517 2146 insulas
530 2108 593 2147 esse
607 2090 751 2147 desertas!
772 2088 859 2164 quim
881 2088 986 2144 multas
1007 2098 1057 2143 aut
1077 2098 1156 2144 metu

165 2168 294 2239 relictas,
311 2177 359 2224 aut
373 2186 389 2225 a
403 2167 583 2244 pradonibus
598 2180 707 2246 captas,
721 2168 807 2226 urbes
820 2185 884 2225 esse
897 2165 1056 2223 sociorum!

207 2246 282 2304 XII.
318 2247 376 2303 Sed
398 2247 466 2322 quid
488 2267 542 2324 ego
565 2249 722 2325 longinqua
745 2245 957 2304 commemoro?
1006 2243 1074 2299 Fuit
1102 2243 1158 2300 hoc

165 2326 323 2401 quondam,
339 2325 391 2383 fuit
404 2327 546 2403 proprium
560 2327 655 2403 populi
671 2325 798 2385 Romani
810 2322 897 2400 longe
912 2340 930 2379 a
942 2323 1027 2380 domo
1040 2321 1156 2391 bellare,

166 2416 206 2475 et,
223 2405 443 2481 propugnaculis
457 2406 579 2482 imperii,
602 2406 744 2464 sociorum
767 2404 903 2472 fortunas,
917 2421 975 2459 non
996 2419 1049 2457 sua
1068 2411 1156 2470 tecta,
1170 2410 1206 2464 25

166 2483 333 2541 defendere.
375 2484 470 2542 Sociis
484 2503 538 2561 ego
552 2485 651 2543 vestris
666 2503 745 2542 mare
759 2483 889 2542 clausum
902 2501 953 2558 per
967 2481 1053 2538 hosce
1068 2499 1157 2537 annos

167 2563 266 2620 dicam
281 2561 377 2632 ruisse,
392 2560 460 2620 cinn
474 2565 618 2621 exercitus
631 2565 719 2623 nostri
734 2583 752 2621 a
765 2561 919 2620 Brundisio
932 2579 1088 2635 nunquam,
1100 2557 1156 2616 nisi

168 2641 282 2698 summi
298 2641 401 2712 hieme,
412 2643 640 2700 transmiserint?
680 2643 743 2705 Qui
758 2644 794 2700 ad
808 2661 858 2700 ros
871 2642 908 2698 ab
918 2640 1023 2698 exteris
1036 2639 1158 2696 nationi·

168 2720 224 2776 bus
246 2719 385 2789 venirent,
399 2733 497 2794 captos
518 2740 630 2795 querar,
652 2720 720 2781 cdm
742 2721 828 2799 legati
849 2720 945 2796 populi
967 2718 1093 2776 Romani
1115 2735 1157 2774 re·

168 2797 278 2873 dempti
301 2797 378 2854 sint?
419 2797 630 2857 Mercatoribus
651 2813 745 2858 tutum
767 2819 846 2857 mare
867 2797 1029 2856 consuisse
1049 2797 1207 2864 dicum‚30

169 2874 238 2933 cirm
253 2876 405 2934 duodecim
419 2895 535 2935 secures
549 2879 578 2936 in
596 2881 761 2955 predonum
774 2888 942 2954 potestatem
955 2875 1156 2949 pervenerinti

170 2954 310 3024 Cnidum,
333 2965 382 3012 eut
403 2955 607 3032 Colophonem,
631 2968 680 3014 aut
702 2959 832 3024 Samum,
853 2953 1045 3010 nobilissimas
1061 2952 1157 3020 urbes,

170 3033 451 3108 innumerabilesque
465 3035 546 3106 alias,
561 3046 660 3110 captas
677 3053 741 3091 esse
762 3047 993 3098 commemorem,
1008 3027 1075 3085 cirm
1098 3047 1159 3084 res·

169 3121 229 3169 tros
242 3123 349 3187 portus,
364 3124 448 3186 atque
462 3133 511 3171 eos
523 3124 620 3190 portus
633 3113 739 3188 quibus
752 3111 839 3167 vitam
854 3119 884 3166 et
897 3107 1026 3182 spiritum
1041 3106 1157 3175 ducitis,

171 3190 201 3247 in
217 3191 380 3264 praedonum
395 3191 482 3248 inisse
493 3203 631 3268 potestate
642 3190 760 3249 sciatis?
791 3190 839 3246 An
854 3185 921 3244 verb
936 3184 1083 3262 ignoratis,
1097 3203 1158 3259 por·
1171 3197 1207 3249 35

171 3279 233 3325 turn
247 3268 357 3326 Caietae
372 3269 590 3328 celeberrimum
606 3282 691 3345 atque
704 3268 901 3345 plenissimum
910 3265 1037 3334 narium,
1048 3264 1159 3338 inspec-

171 3357 251 3403 tante
265 3358 393 3422 pretore,
409 3366 426 3404 a
438 3349 619 3423 predonibus
633 3369 696 3408 esse
707 3349 865 3423 direptum;
880 3365 916 3403 ex
926 3344 1041 3402 Miseno
1052 3353 1158 3411 autem,

172 3425 234 3500 ejus
248 3425 336 3501 ipsius
349 3425 463 3496 liberos,
476 3428 526 3502 qui
540 3447 607 3485 curn
621 3428 802 3504 predonibus
816 3436 901 3484 antea
919 3424 959 3481 ibi
977 3422 1082 3479 bellum
1097 3439 1160 3497 ges·

173 3513 257 3574 serat,
273 3504 484 3580 apraedonibus
497 3524 559 3564 esse
574 3508 718 3565 sublatosi
759 3506 837 3563 Nam
858 3504 926 3579 quid
948 3521 1003 3577 ego
1023 3498 1159 3557 Ostiense

174 3581 396 3652 incommodum,
426 3595 510 3658 atque
537 3585 614 3641 illam
649 3587 744 3643 labem
780 3596 865 3659 atque
893 3578 1079 3656 ignominiam
1106 3577 1160 3634 rei·
1172 3577 1208 3630 to

172 3662 305 3736 publicae,
329 3680 448 3734 querar;
478 3661 558 3732 crim,
580 3663 665 3739 prope
694 3662 921 3739 inspectantibus
947 3657 1036 3727 vobis,
1059 3656 1160 3714 classis

174 3758 217 3809 ea,
232 3740 281 3797 cui
295 3740 394 3797 consul
410 3742 504 3816 populi
519 3740 645 3799 Romani
659 3743 826 3818 praepositus
847 3747 931 3805 esset,
947 3755 964 3792 a
979 3737 1160 3812 predonibus

175 3829 257 3894 capta
281 3828 366 3893 atque
386 3838 520 3896 oppressa
542 3823 604 3878 esti
645 3820 711 3890 Pro,
728 3821 779 3877 Dii
801 3815 990 3876 immortales!
1012 3827 1160 3872 tantamne
1207 3847 1232 3874 s

175 3896 404 3956 unius·hominis
426 3898 604 3958 incredibilis
626 3919 661 3958 ac
682 3899 782 3958 divina
802 3897 891 3956 virtus
911 3906 971 3953 tam
991 3893 1071 3953 brevi
1090 3903 1162 3951 tem·
