2775 4425
344 364 482 414 omum
504 363 574 413 uro
595 363 627 416 r.
649 363 766 415 nuum
786 363 937 415 umora.
1045 336 1050 346 ’
1131 365 1189 424 ms

137 529 191 588 pus
205 508 297 566 ullum
313 510 435 586 drgnum
449 509 512 582 luit,
524 507 603 568 certe
619 511 683 568 hec
697 509 727 568 in
741 509 791 567 itta
805 510 894 568 causti
915 529 1028 568 summa
1040 511 1140 568 omnia

140 591 267 648 luerunt.
312 588 467 647 Insidiator
481 600 543 647 erat
557 589 586 648 in
602 590 662 649 loro
676 589 843 661 collocatus,
866 601 952 664 atque
970 591 1000 648 in
1015 591 1140 648 vestito

140 669 169 727 lo
182 669 244 746 ipso
258 668 396 726 senatus:
418 669 445 726 ei
459 669 520 727 viro
534 680 631 726 autem
646 688 723 726 mors
745 670 910 746 parabatur,
925 671 1009 746 cujus
1030 670 1059 728 in
1080 669 1140 727 vird

141 749 289 806 nitebatur
310 748 389 804 salus
410 747 533 806 civitatis
544 768 551 818 ;
574 767 609 807 eo
622 747 707 825 porrb
728 749 895 826 reipublice
914 760 1052 826 tempore,
1073 768 1139 825 quo,

143 828 167 885 si
188 846 264 884 unus
291 827 340 884 ille
360 827 525 899 occidisset,
549 847 605 886 non
631 829 694 886 tneo
714 826 808 886 solbm
835 829 947 900 civitas,
968 830 1018 887 sed
1039 841 1141 907 gentes
1171 836 1190 889 5

142 925 244 966 omnes
265 907 469 964 concidissent.
510 905 576 964 Nisi
597 905 680 978 sorte,
695 908 765 983 quia
786 908 916 985 perlecta
938 929 985 967 res
1006 929 1063 967 non
1087 919 1140 980 est,

144 1007 202 1044 nou
225 986 279 1043 luit
292 986 458 1062 punienda;
479 987 598 1064 perinde
623 988 706 1062 quasi
727 988 821 1046 exitus
844 1007 951 1060 rerum,
973 1008 1031 1047 non
1054 988 1143 1047 homi·

143 1084 215 1123 num
238 1065 370 1136 consilia,
394 1065 508 1142 legibus
530 1067 731 1124 vindicentur..
774 1065 876 1126 Minus
897 1068 1053 1127 dolendum
1076 1069 1140 1139 luit,

144 1165 175 1204 re
190 1164 248 1203 non
262 1145 409 1221 perfectd;
431 1146 480 1203 sed
495 1147 674 1222 puniendum
697 1145 776 1205 certe
799 1147 891 1206 nihilo
913 1146 1018 1206 mimis.
1060 1147 1143 1210 Quo·

127 1248 130 1251 “
144 1226 200 1282 ties
215 1244 270 1301 ego
284 1225 354 1302 ipse,
366 1225 490 1301 judices,
504 1244 540 1282 ex
554 1226 586 1282 P.
609 1225 706 1283 Clodii
731 1227 806 1297 telis,
831 1236 861 1284 et
882 1245 918 1285 ex
938 1227 1067 1286 cruentis
1080 1228 1143 1304 ejus
1159 1231 1192 1284 10

144 1304 291 1375 manibus,
313 1304 420 1381 effugi!
443 1324 478 1362 er
501 1305 606 1381 quibus
628 1305 651 1362 si
667 1323 714 1364 me
731 1325 792 1364 uon
813 1305 856 1362 rel
872 1325 938 1364 mea
950 1307 994 1365 vel
1009 1307 1145 1383 reipubli-

145 1404 188 1443 cae
204 1383 320 1442 fortuna
334 1383 484 1456 seruisset,
498 1385 563 1459 quis
584 1385 702 1443 tandem
725 1385 762 1442 de
785 1385 904 1442 interitu
926 1405 992 1443 meo
1013 1386 1145 1460 quastio-

144 1483 213 1522 nem
228 1463 342 1520 tulisset
354 1465 365 1520 l

186 1542 275 1600 VIII.
308 1542 367 1601 Sed
395 1541 474 1600 stulti
504 1561 614 1616 sumus,
636 1543 685 1620 qui
713 1542 853 1614 Drusum,
881 1542 931 1617 qui
959 1543 1134 1602 Africanum

146 1621 327 1698 Pompeium,
342 1633 453 1680 nosmet
464 1622 548 1698 ipsos,
564 1642 631 1680 cum
653 1623 684 1681 P.
700 1623 805 1681 Clodio
821 1623 953 1680 <mulene
977 1624 1144 1681 audeamus.
1162 1625 1196 1679 15

146 1701 328 1764 Tolerabilis
342 1701 457 1759 suerunt
472 1701 538 1760 illa:
560 1702 592 1760 P.
607 1702 704 1761 Clodii
719 1713 840 1760 mortem
854 1723 937 1778 aequo
950 1703 1047 1761 auimo
1060 1722 1146 1762 nemo

146 1781 222 1838 serre
249 1791 350 1858 potest.
393 1781 488 1858 Luget
516 1793 650 1840 senatus:
680 1792 782 1840 moeret
809 1794 942 1857 equester
971 1784 1058 1842 ordo:
1086 1794 1146 1842 tota

146 1861 250 1918 civitas
274 1861 408 1918 conlecta
431 1861 513 1920 senio
534 1872 594 1920 est:
616 1862 749 1936 squalent
771 1863 946 1940 municipia:
969 1864 1145 1922 afflictantur
1231 1885 1237 1896 ·

146 1940 285 1998 coloniae:
309 1940 370 2016 agri
394 1940 519 2016 denique
542 1941 594 2018 ipsi
615 1950 675 1999 tam
698 1941 872 2013 beneficum,
896 1954 955 2001 tam
977 1943 1144 2015 salutarem,

145 2029 206 2078 tam
234 2030 428 2092 mansuetum,
456 2020 549 2078 civem
576 2021 749 2079 desiderant
791 2021 859 2081 Non
888 2023 942 2080 luit
961 2042 998 2080 ea
1017 2019 1196 2098 prosecuto

146 2119 247 2170 causa,
269 2098 394 2174 judices,
417 2119 473 2157 non
497 2100 559 2172 luit,
575 2120 627 2158 cur
649 2101 704 2158 sibi
729 2112 862 2159 censeret
883 2100 1038 2176 Pompeius
1057 2121 1148 2176 quaes·

146 2179 255 2238 tionem
271 2179 437 2239 serendam:
458 2180 510 2238 sed
525 2180 612 2239 homo
626 2180 752 2257 sapiens,
766 2191 796 2237 et
810 2180 868 2237 altri
884 2178 928 2257 [et
948 2180 1061 2270 divinit]
1078 2181 1148 2255 qui·

146 2261 214 2317 dam
237 2270 335 2316 mente
359 2260 504 2335 praeditus,
527 2261 617 2317 multa
637 2259 726 2317 vidit:
758 2260 846 2317 luisse
872 2260 927 2317 sibi
951 2259 1032 2317 illum
1054 2260 1148 2317 mimi·

146 2358 226 2410 cum,
243 2338 414 2396 familiarem
430 2338 579 2398 Milonem.
621 2339 656 2398 ln
672 2340 819 2397 communi
841 2340 970 2397 omnium
992 2339 1102 2410 teritis,
1123 2338 1148 2396 si

146 2419 236 2476 etiam
262 2417 322 2493 ipse
346 2418 495 2494 gauderet,
518 2419 625 2491 timuit,
640 2440 677 2477 ne
691 2420 837 2477 videretur
852 2419 990 2477 infirmior
1011 2419 1084 2476 fides
1104 2439 1148 2477 re·
1161 2419 1197 2473 2⁵

147 2497 311 2555 conciliata
326 2498 434 2574 gratia.
477 2498 573 2556 Multa
586 2500 674 2557 etiam
689 2499 748 2558 alia
760 2499 841 2572 vidit,
856 2500 906 2557 sed
922 2500 991 2558 illud
1003 2497 1146 2557 maxime:

147 2577 279 2652 quamvis
295 2577 429 2635 atrociter
444 2578 504 2653 lpse
518 2579 640 2651 tulisset,
654 2600 704 2637 vos
718 2591 815 2637 tamen
836 2581 945 2639 fortiter
957 2580 1145 2657 judicaturos.

147 2657 253 2732 Itaque
277 2657 388 2734 delegit
410 2676 428 2715 e
451 2656 660 2716 florentissimis
682 2660 832 2717 ordinibus
852 2660 913 2737 ipsa
927 2660 1046 2718 lumina
1087 2659 1147 2717 Ne·

147 2756 204 2812 que
233 2733 300 2794 verb
331 2735 421 2813 (quod
448 2738 579 2796 nonnulli
607 2739 755 2817 dictitant)
783 2741 916 2811 secrevit,
943 2741 974 2798 in
998 2738 1147 2815 judicibus

148 2816 292 2893 legendis,
308 2817 417 2873 amicos
430 2836 528 2875 meos:
550 2838 643 2894 neque
657 2820 735 2877 enim
756 2820 813 2877 hoc
833 2819 970 2895 cogitarit
990 2820 1032 2875 vir
1049 2819 1147 2894 justis·
1159 2818 1196 2871 30

147 2897 256 2965 simus;
277 2915 383 2970 neque,
408 2896 438 2953 in
465 2897 546 2955 bonis
560 2898 628 2955 viris
651 2898 792 2975 legendis,
808 2898 836 2955 id
860 2898 974 2970 assequi
997 2898 1145 2971 potuisset,

147 2975 263 3033 etiamsi
278 2974 413 3051 cupisset.
455 2975 524 3035 Non
539 2978 616 3036 enim
632 2996 698 3035 mea
712 2976 806 3053 gratia
820 2975 1065 3032 familiaritatibus
1079 2993 1147 3031 con·

148 3055 267 3126 tinetur,
282 3074 345 3130 quae
359 3052 417 3112 late
432 3066 531 3131 patere
545 3076 601 3114 non
616 3065 744 3133 possunt,
764 3063 914 3129 propterea
935 3051 1011 3127 qubd
1027 3072 1147 3110 consue

147 3135 266 3192 tudines
279 3135 373 3192 victirs
396 3155 453 3193 non
475 3147 593 3213 possunt
617 3155 680 3193 esse
703 3152 771 3191 cum
793 3133 899 3190 multis.
941 3132 1011 3203 Sed,
1033 3132 1146 3207 siquid

147 3232 311 3290 possumus,
339 3234 375 3272 ex
401 3234 436 3273 eo
462 3235 623 3291 possumus,
645 3211 723 3289 qubd
744 3211 908 3289 respublica
926 3231 979 3269 nos
999 3212 1147 3287 conjunxit
1161 3219 1196 3273 35

149 3312 218 3351 cum
233 3294 334 3351 bonis:
356 3314 392 3351 ex
406 3294 511 3370 quibus
525 3295 574 3352 ille
589 3292 656 3352 crim
676 3294 798 3369 optimos
821 3292 896 3350 viros
918 3292 1038 3369 legeret,
1060 3292 1147 3365 idque

149 3370 276 3429 maxime
299 3373 335 3430 ad
362 3373 449 3431 fidem
477 3392 560 3431 suam
586 3374 731 3451 pertinere
759 3373 954 3444 arbitraretur,
975 3392 1034 3431 uon
1056 3370 1148 3448 potuit

148 3452 247 3529 legere
261 3471 318 3509 non
333 3454 474 3511 studiosos
488 3454 555 3511 mei.

135 3588 138 3591 .
188 3528 281 3592 Quod
296 3530 363 3589 verb
379 3543 418 3604 te,
433 3532 466 3590 L.
483 3532 604 3603 Domiti,
619 3532 689 3590 huic
711 3532 860 3607 questioni
884 3550 1008 3608 praeesse
1022 3529 1146 3587 maxime

148 3610 248 3681 voluit,
276 3610 348 3669 nihil
373 3612 505 3686 quaesivit
533 3612 621 3683 aliud,
643 3611 701 3669 nisi
722 3612 872 3687 justitiam,
895 3611 1075 3687 gravitatem,
1098 3610 1148 3666 hu·
1162 3614 1197 3668 40

148 3691 329 3761 manitatem,
358 3690 454 3749 fidem.
511 3692 605 3761 Tulit,
633 3702 665 3747 ut
697 3692 878 3748 consularem
905 3709 1026 3747 necesse
1053 3700 1146 3746 esset:

150 3770 248 3840 credo,
262 3766 340 3843 qubd
354 3772 517 3848 principum
533 3790 639 3828 munus
653 3790 718 3828 esse
732 3771 867 3839 ducebat,
882 3769 1016 3826 resistere
1030 3780 1058 3826 et
1081 3769 1148 3826 levi-

149 3850 203 3905 tati
217 3848 421 3922 multitudinis,
436 3860 465 3908 ot
478 3851 654 3928 perditorum
679 3848 843 3906 temeritati.
886 3848 931 3906 Ex
950 3849 1148 3908 consularibus

149 3938 179 3986 te
207 3928 316 3985 creavit
335 3930 536 4005 potissimum:
568 3930 690 3987 dederas
717 3928 806 3999 enim,
835 3926 920 4001 qudm
948 3939 1149 3987 contemneres

149 4004 304 4085 populares
325 4007 463 4084 insanias,
483 4009 543 4087 jam
559 4010 596 4067 ab
611 4007 807 4076 adolescentia
821 4008 995 4066 documenta
1015 4008 1148 4065 maxima.
1163 4016 1199 4065 45
