2775 4425
179 366 235 426 l2'2
425 363 560 413 ORATIO
584 362 653 414 PRO
675 363 706 412 T.
729 361 1014 412 anulo-MILONE.

229 507 332 583 populi,
360 509 432 566 tanti
460 507 577 566 sceleris
606 507 736 578 ultorem,
756 527 813 564 non
842 505 927 564 modd
955 505 1110 564 honoribus
1130 507 1217 564 nullis

230 586 370 658 afficietis
398 587 556 644 sedetiam
578 588 614 643 ad
635 586 805 663 supplicium
827 585 887 661 rapi
908 586 1078 661 patiemini?
1119 587 1218 643 Confi-

229 677 345 735 teretur‚
361 667 696 740 coriliteretur,rrrquarn‚
710 665 735 720 si
757 665 881 734 fecisset,
896 676 925 721 et
946 683 1051 740 magno
1071 665 1167 722 animo
1187 675 1217 722 et

154 763 157 770 ¹
229 744 336 800 libente
358 764 389 801 se
411 745 523 814 secisse,
544 745 684 801 libertatis
700 743 833 801 omnium
854 744 961 800 causti:
990 744 1065 817 quod
1087 743 1114 800 ei
1135 741 1216 801 certe

192 832 211 896 5
229 843 286 881 ιιοιι
301 823 493 882 confitendum
509 822 593 880 modb
615 823 724 893 fuisset,
739 821 938 880 verumetiam
953 823 1175 898 praedicandum.
1211 851 1216 857 ·

269 900 370 959 XXX.
413 901 539 972 Etenim,
562 901 586 958 si
609 903 637 959 id
661 921 718 960 non
742 912 838 978 negat,
853 920 889 958 ex
902 919 959 975 quo
972 900 1043 958 nilril
1058 901 1138 976 petit,
1159 901 1217 960 nisi

230 990 262 1037 ut
283 982 463 1056 ignoscatur;
494 947 638 1038 dubitaret
666 981 694 1038 id
725 979 817 1051 fateri,
837 999 872 1037 ex
901 998 958 1053 quo
984 978 1072 1036 etiam
1099 981 1218 1070 praemia

230 1059 324 1116 laudis
338 1072 433 1116 essent
446 1061 595 1154 petendal
609 1059 665 1117 nisi
680 1057 747 1116 verb
761 1059 871 1134 gratius
890 1068 991 1152 putat
983 1078 1047 1115 esse
1067 1059 1156 1128 vobis,
1171 1059 1217 1116 sui

231 1158 262 1195 se
277 1138 389 1232 ιιιιιιιίι,
404 1137 491 1212 quim
512 1139 608 1210 vestri,
633 1138 813 1196 defensorem
833 1138 937 1206 fuisse;
958 1134 1028 1193 cirm
1047 1139 1217 1211 presertim,

180 1225 213 1278 10
232 1217 261 1274 in
275 1235 310 1273 ea
325 1217 549 1288 confessione,
528 1237 551 1274 sr
565 1217 639 1294 grati
660 1237 723 1274 esse
743 1216 862 1286 velletis,
877 1216 997 1273 honores
1018 1229 1219 1289 assequeretur

233 1296 428 1372 amplissimos
471 1297 502 1352 Si
525 1297 632 1354 factum
653 1296 733 1354 vobis
752 1315 809 1352 non
830 1263 1006 1371 piobaretur,
1039 1294 1217 1386 (quanquam

232 1376 280 1464 qni
298 1385 411 1467 poterat
438 1376 515 1432 salus
542 1395 594 1433 sua
615 1375 719 1449 cuique
746 1394 803 1431 non
829 1373 978 1450 probaril)
1003 1374 1055 1430 sed
1075 1385 1171 1431 tamen
1193 1375 1217 1431 si

233 1452 328 1511 minus
343 1454 525 1512 fortissimi
501 1454 554 1511 vrri
578 1453 666 1511 virtus
687 1454 799 1510 civibus
818 1464 908 1548 grata·
921 1451 1090 1520 cecidisset,
1113 1472 1219 1529 magno

234 1535 329 1592 animo
335 1534 563 1632 constantique
562 1535 678 1590 cederet
698 1552 734 1589 ex
750 1532 861 1608 ingrata
883 1530 1008 1589 civitate.
1049 1531 1128 1588 Nam
1148 1532 1218 1606 quid

181 1617 215 1670 15
232 1622 307 1669 esset
335 1613 483 1688 ingratius
512 1612 598 1687 quam
626 1611 716 1668 laetari
744 1623 872 1682 caeteros,
902 1609 1001 1685 lugere
1029 1628 1096 1666 eum
1116 1611 1218 1681 solum,

232 1704 343 1767 propter
358 1711 442 1767 quem
457 1690 553 1748 caeteri
567 1691 751 1747 laetarenturl

271 1771 449 1844 Quanquam
477 1770 531 1826 hoc
561 1769 656 1826 animo
685 1788 796 1844 semper
817 1768 923 1826 fuimus
949 1787 1050 1825 omnes
1070 1768 1099 1825 in
1120 1767 1220 1844 patriae

232 1848 422 1923 proditoribus
451 1848 652 1925 opprimendis,
673 1858 715 1918 ut,
736 1847 871 1922 quoniam
900 1857 997 1905 nostra
1027 1847 1123 1904 futura
1143 1857 1220 1905 esset

233 1925 332 2002 gloria,
353 1927 514 2016 periculum
533 1946 645 2016 quoque
671 1937 701 1983 et
727 1925 864 1984 invidiam
891 1936 1015 2019 nostram
1044 1938 1218 2016 putaremus.

179 2011 215 2063 20
235 2005 310 2062 Nam
332 2024 395 2079 quae
416 2005 559 2082 mihiipsi
581 2006 734 2063 tribuenda
761 2006 824 2062 laus
853 2017 938 2075 esset,
959 2003 1027 2062 crim
1056 2016 1167 2062 tantum
1188 2005 1219 2062 in

234 2085 383 2142 consulatu
398 2104 461 2142 meo
474 2105 524 2174 pro
538 2085 616 2142 vobis
631 2104 665 2141 ac
678 2085 777 2142 liberis
790 2084 890 2142 vestris
911 2104 997 2141 ausus
1009 2103 1112 2155 essem,
1133 2084 1157 2140 si
1179 2085 1219 2158 id,

233 2165 309 2239 quod
330 2165 465 2236 conabar,
490 2163 552 2221 sine
579 2163 711 2221 maximis
730 2163 963 2223 dimicationibus
990 2163 1062 2222 meis
1083 2182 1129 2221 me
1155 2184 1218 2222 esse

235 2263 370 2301 ausurum
385 2244 557 2301 arbitrarerl
577 2244 654 2305 Quae
669 2243 771 2300 mulier
785 2244 956 2301 sceleratum
978 2262 1012 2300 ac
1025 2243 1221 2319 perniciosum

234 2324 325 2381 civem
354 2324 487 2379 occidere
518 2343 574 2381 non
605 2323 733 2393 auderet,
764 2322 788 2378 si
817 2323 976 2398 periculum
1007 2342 1062 2417 ιιοιι
1084 2324 1219 2381 timeret?

180 2408 216 2461 25
235 2401 379 2477 Proposita
395 2402 512 2471 invidia,
527 2412 626 2471 morte,
641 2402 735 2495 pienti,
750 2401 799 2475 qui
820 2402 910 2459 nihilo
928 2399 1047 2478 segnius
1066 2402 1220 2491 rempubli-

235 2499 298 2536 cam
321 2480 486 2549 defendit,
480 2500 504 2535 rs
524 2480 565 2535 vir
586 2498 651 2537 vere
673 2480 817 2556 putandus
837 2490 887 2537 est
942 2480 1042 2556 Populi
1070 2482 1143 2570 grati
1165 2492 1218 2551 est,

233 2556 357 2633 praemiis
372 2556 485 2614 afficere
506 2556 580 2613 bene
595 2559 679 2614 merit
679 2578 711 2615 os
668 2560 761 2615 tde
776 2558 965 2634 republica
940 2578 1033 2628 cives3
1055 2560 1107 2616 viri
1129 2559 1218 2632 fortis,

234 2654 271 2691 ne
275 2635 431 2710 suppliciis
445 2636 560 2709 quidem
575 2636 691 2707 moveri,
707 2649 739 2694 ut
753 2638 862 2695 fortiter
877 2637 979 2695 fecisse
992 2640 1138 2713 poeniteat.

270 2712 479 2783 Quamobrem,
495 2725 622 2771 uteretur
645 2683 747 2772 eadem
772 2706 951 2773 confessione
968 2716 1005 2773 Τ.
1021 2718 1137 2774 Annius
1139 2736 1219 2792 ,qua

181 2794 216 2848 30
233 2791 338 2862 Ahala,
362 2792 418 2882 quai
441 2792 551 2850 Nasica
554 2813 633 2868 ,qua
656 2794 800 2870 Opimius,
815 2796 872 2870 quai
895 2795 1087 2886 Mariusque
1108 2807 1220 2854 nosmet

234 2870 303 2947 ipsi:
325 2882 363 2942 et,
377 2872 401 2928 si
422 2883 505 2962 grata
524 2873 686 2949 respublica
706 2886 791 2944 esset,
806 2874 966 2944 laeteretur;
987 2875 1012 2930 si
1033 2877 1156 2951 ingrata,
1176 2886 1220 2932 ta·

233 2970 309 3021 men,
325 2950 354 3007 in
368 2952 448 3027 gravi
463 2951 585 3022 fortunii,
601 2952 779 3009 conscientia
793 2971 846 3009 sua
861 2954 1007 3010 niteretur

273 3030 331 3087 Sed
346 3030 430 3109 hujus
451 2997 585 3088 beneficii
610 3032 742 3106 gratiam,
764 3031 887 3106 judices,
912 3032 1025 3090 fortuna
1043 3031 1138 3108 populi
1160 3032 1221 3091 Ro·

233 3109 352 3179 mani,e
336 3120 364 3166 t
379 3121 472 3167 vestra
487 3109 618 3179 felicitas,
630 3119 657 3167 et
672 3110 723 3165 Dii
738 3108 921 3181 immortales,
932 3112 987 3168 sibi
996 3112 1094 3169 deberi
1110 3122 1218 3187 putant„

181 3194 217 3247 35
234 3188 299 3245 Nec
320 3186 386 3245 verb
407 3188 556 3262 quisquam
579 3155 660 3244 aliter
682 3189 812 3245 arbitrari
834 3200 935 3265 potest,
958 3190 1013 3247 nisi
1035 3191 1084 3265 qui
1110 3191 1220 3248 nnllam

234 3266 291 3323 vim
305 3286 367 3324 esse
382 3267 471 3337 ducit,
486 3285 628 3323 numenve
643 3266 791 3323 divinum:
812 3287 896 3343 quem
918 3289 1011 3344 neque
1026 3269 1137 3345 imperii
1159 3290 1220 3327 res·

233 3345 269 3402 tri
284 3345 460 3435 magnitudo,
476 3364 567 3419 neque
588 3345 628 3401 sol
650 3345 707 3415 ille,
729 3366 784 3403 nec
804 3346 915 3403 coeli
893 3367 1096 3423 signorumque
1116 3358 1219 3418 motus,

235 3444 289 3481 nec
309 3423 520 3481 vicissitudines
541 3442 635 3480 rerum
658 3435 742 3499 atque
763 3426 878 3482 ordines
899 3436 1022 3496 movent,
1043 3446 1137 3516 neque
1165 3426 1219 3503 (id,

234 3503 310 3578 quod
332 3503 486 3560 maximum
508 3502 564 3591 est)
588 3502 730 3591 majorum
751 3515 909 3561 nostrorum
930 3505 1085 3580 sapientia;
1108 3506 1157 3581 qui
1177 3526 1222 3563 sa·

184 3581 218 3635 40
235 3602 284 3639 cra
287 3581 356 3656 ‚qui
371 3580 559 3650 caerimonias,
582 3581 630 3655 qui
652 3582 790 3657 auspicia,
807 3593 836 3639 et
857 3583 909 3659 ipsi
930 3599 1112 3641 sanctissime
1127 3584 1222 3642 colue-

234 3672 310 3729 runt,
325 3671 353 3717 et
368 3661 458 3729 nobie,
473 3660 532 3716 suis
545 3659 674 3735 posteris,
689 3661 883 3755 prodiderunt

274 3706 391 3795 XXXI.
434 3707 495 3808 Est,
510 3749 553 3796 est
576 3736 704 3813 profecti)
726 3739 813 3795 illa
789 3760 849 3797 vis:
871 3760 974 3816 neque,
990 3740 1019 3798 in
1033 3740 1078 3797 his
1098 3742 1221 3817 corpori-

236 3816 288 3871 bus
310 3828 393 3889 atque
415 3817 443 3874 in
466 3818 521 3874 hac
542 3816 740 3874 imbecillitate
761 3819 867 3889 nostrai,
889 3820 963 3877 inest
983 3820 1129 3895 quiddam,
1145 3822 1220 3894 quod

236 3892 330 3966 rigeat
342 3904 371 3948 et
385 3896 504 3965 sentiat3
526 3904 554 3951 et
569 3915 624 3953 non
640 3894 714 3951 inest
728 3895 757 3953 in
772 3898 827 3955 hoc
847 3908 927 3954 tanto
947 3911 1057 3955 naturae
1070 3909 1130 3955 tam
1149 3918 1221 3974 prae·
