2775 4425
359 333 497 385 ORATIO
519 335 568 385 111.
592 334 629 385 IN
651 336 682 385 L.
706 336 919 387 CATILINAM.
1150 342 1192 402 27

152 490 235 550 runt,
257 488 287 537 et
301 498 356 557 ego
369 498 404 537 ex
420 480 592 557 prefectum
611 479 741 539 Reatini
755 480 918 559 complures
930 482 1059 541 delectos
1073 482 1140 541 ado·

152 561 305 630 lescentes,
319 578 440 634 quorum
460 560 546 636 operti
562 561 590 617 iu
605 579 636 617 re
650 561 767 637 publici
788 560 903 619 assidue
919 572 992 633 utor,
1006 562 1140 639 presidio

153 659 220 697 eum
235 640 339 715 gladiis
355 638 497 697 miseram.
533 638 653 697 Interim
664 641 751 698 tertii
762 638 821 697 lere
833 641 931 718 vigilii
945 642 1059 713 exacui,
1069 640 1138 699 crim

150 720 211 797 jam
225 728 340 795 pontem
362 716 505 775 Mulvium
519 736 624 796 magno
638 719 777 777 comitatu
791 719 880 797 legati
893 720 1083 799 Allobrogum
1097 720 1140 779 in·

153 799 235 876 gredi
263 798 434 875 inciperent,
456 798 571 873 untqua
598 798 786 871 Volturcius3
817 798 850 857 lit
872 799 903 857 in
926 818 977 858 eoa
996 800 1139 877 impetus:
1173 794 1193 850 5

153 879 318 935 educuntur
328 886 358 935 et
372 877 409 933 ab
420 877 476 934 illis
487 877 586 954 gladii,
597 888 626 935 et
641 896 658 935 a
672 878 784 937 nostris
826 877 891 937 Res
900 888 963 937 erat
972 879 1141 957 pretorium

152 968 222 1017 uota
234 956 319 1015 solis:
341 955 526 1033 ignorabatur
541 974 558 1014 a
571 958 691 1015 caeteris.

194 1034 251 1093 ΙΙΙ.
294 1035 384 1106 Turn,
400 1036 562 1093 interventu
577 1036 720 1113 Pomptini
734 1047 821 1113 atque
834 1036 947 1109 Flacci,
957 1056 1065 1115 pugna,
1075 1056 1140 1115 quc

153 1126 216 1174 erat
243 1115 407 1186 commissa,
430 1116 554 1173 sedatur.
597 1115 713 1188 Literte,
736 1135 917 1193 quaecunque
944 1126 1027 1176 erant
1054 1118 1084 1175 in
1106 1136 1143 1175 eo

154 1195 304 1266 comitatu,
316 1194 436 1271 integris
449 1195 550 1271 signis,
561 1196 730 1271 praetoribus
742 1198 912 1255 tradamur:
935 1196 999 1275 ipsi,
1014 1215 1142 1273 compre·
1160 1188 1194 1243 1⁰

153 1274 248 1345 hensi,
265 1274 300 1331 ad
315 1294 372 1346 me,
382 1272 450 1331 erim
462 1274 522 1350 jam
533 1275 736 1347 dilucesceret,
746 1276 939 1333 deducuntur.
981 1277 1081 1352 Atque
1094 1277 1143 1333 ho·

155 1372 220 1412 rum
233 1354 363 1411 omnium
384 1354 527 1411 scelerum
548 1354 790 1430 improbissimum
810 1355 1048 1421 machinatorem,
1063 1354 1143 1411 Cim·

156 1434 239 1491 brum
254 1433 423 1504 Gabinium,
438 1434 534 1490 statim
546 1433 581 1490 ad
596 1452 653 1503 me,
665 1432 807 1491 nihildum
818 1432 1024 1509 auspicantem,
1034 1428 1142 1490 vocavi.

156 1512 272 1570 Deinde
288 1513 355 1569 item
371 1513 524 1569 arcessitur
540 1512 571 1569 P.
588 1512 730 1583 Statilius,
741 1522 770 1569 et
783 1522 845 1589 post
858 1530 926 1569 eum
939 1510 975 1569 C.
985 1512 1143 1587 Cethegus.

157 1590 339 1649 Tardissime
355 1602 451 1649 autem
466 1590 608 1649 Lentulus
622 1592 710 1663 uenit,
722 1592 819 1663 credo,
829 1589 918 1667 qued,
929 1590 1021 1649 literis
1030 1590 1144 1665 dandis,
1162 1585 1198 1641 15

156 1682 259 1749 praeter
274 1671 523 1741 consuetudinem,
538 1671 666 1747 proximi
681 1682 766 1729 nocte
780 1672 921 1748 vigildrat.

197 1749 275 1807 Crim
290 1749 357 1807 vero
372 1750 493 1807 summis
514 1768 549 1808 ac
570 1750 737 1809 clarissimis
754 1750 840 1827 hujus
853 1749 979 1807 civitatis
991 1749 1070 1823 viria,
1084 1749 1144 1826 qui,

159 1830 258 1887 audita
273 1848 313 1900 re,
329 1830 493 1905 frequentes
514 1830 550 1887 ad
571 1848 616 1887 me
635 1829 721 1887 mand
737 1840 940 1902 convenerant,
954 1831 1053 1889 literas
1067 1848 1085 1888 a
1098 1848 1145 1889 me

157 1908 238 1987 priris
252 1910 366 1985 aperiri,
381 1908 467 1984 quam
483 1908 519 1965 ad
533 1920 664 1967 senatum
678 1910 794 1981 deferri,
809 1911 954 1986 placeret;
974 1928 1022 1981 ne,
1034 1911 1058 1967 si
1073 1909 1145 1967 nihil

158 2000 234 2047 esset
250 1989 407 2060 inventum,
421 1987 530 2046 temere
546 2008 563 2045 a
577 2007 623 2046 me
637 1999 734 2045 tantus
747 1990 888 2045 tumultus
899 1988 1022 2064 injectus
1036 1988 1146 2046 civitati
1161 1990 1200 2046 20

159 2069 321 2137 videretur;
343 2068 446 2144 negaui
460 2086 507 2125 me
521 2086 584 2125 esse
599 2068 754 2139 facturum,
769 2078 810 2138 ut,
825 2069 862 2124 de
877 2068 1008 2143 periculo
1018 2068 1147 2143 publico,

159 2168 217 2206 non
234 2148 269 2205 ad
284 2147 436 2205 consilium
450 2147 600 2224 publicum
609 2164 671 2204 rem
683 2147 825 2224 integram
836 2146 987 2203 deferrem.
1019 2144 1147 2217 Etenim,

159 2227 303 2299 Quirites,
318 2228 342 2284 si
357 2246 402 2299 ea,
416 2246 479 2304 qum
495 2237 577 2284 erant
598 2227 634 2284 ad
655 2245 703 2283 me
716 2226 822 2298 delata,
836 2235 950 2301 reperta
963 2244 1021 2283 non
1035 2234 1132 2283 essent
1139 2246 1148 2294 ;

161 2318 258 2364 tamen
273 2327 329 2384 ego
341 2327 398 2364 uon
414 2307 584 2378 arbitrabar,
596 2305 626 2363 in
640 2305 729 2363 tantis
742 2304 909 2382 reipublicae
920 2303 1066 2380 periculis,
1078 2304 1148 2362 mihi

161 2405 225 2444 esse
236 2387 355 2444 nimiam
367 2385 546 2463 diligentiam
561 2386 830 2462 pertimescendam.
866 2385 1006 2442 Senatum
1018 2384 1150 2460 frequen·
1164 2385 1203 2443 25

162 2476 221 2524 tem
235 2465 377 2536 celeriter,
388 2477 419 2522 ut
429 2465 550 2535 vidistis,
560 2465 653 2542 coligi.
675 2465 774 2541 Atque
782 2465 893 2522 interea
904 2464 1011 2536 statim,
1023 2464 1151 2522 admoui·

162 2556 194 2602 tu
209 2546 408 2622 Allobrogum,
423 2545 457 2602 O.
475 2545 647 2620 Sulpicium,
661 2555 820 2621 pretorem,
836 2543 936 2602 fortem
955 2544 1058 2616 virum,
1072 2544 1150 2616 misi,

162 2625 222 2700 qni,
244 2643 279 2682 ex
299 2625 410 2681 adibus
430 2624 565 2702 Cethegi,
583 2624 607 2682 si
628 2625 698 2699 quid
717 2624 839 2682 telorum
859 2634 945 2695 esset,
959 2625 1093 2682 efferret:
1114 2643 1151 2682 ex

163 2704 268 2780 quibus
282 2703 330 2761 ille
344 2704 500 2760 maximum
515 2704 641 2761 sicarum
655 2721 807 2762 numerum
820 2714 850 2761 et
864 2704 1025 2781 gladiorum
1039 2703 1149 2761 extulit.

204 2783 257 2842 IV.
301 2783 451 2841 introduxi
475 2783 660 2841 Vulturcium
685 2784 748 2842 sine
770 2783 881 2840 Gallis:
912 2782 998 2839 fidem
1027 2782 1054 2839 ei
1081 2783 1152 2858 pub·
1167 2785 1205 2841 3⁰

163 2863 261 2934 licam,
281 2862 363 2939 jussu
384 2861 510 2933 senatus,
526 2863 609 2921 dedi:
632 2864 761 2920 hortatus
781 2879 855 2932 sum,
870 2871 902 2917 ut
915 2879 961 2931 ea,
975 2877 1038 2935 quae
1053 2862 1151 2932 sciret,

164 2943 227 3000 sine
237 2943 339 3000 timore
351 2943 501 3000 indicaret.
544 2941 624 2998 Tum
636 2941 693 3010 ille,
706 2939 774 2998 ciam
785 2940 832 2996 rix
842 2959 873 2996 ae
884 2957 920 2995 ex
934 2956 1040 3013 magno
1049 2938 1152 2995 timore

164 3023 334 3092 recreasset,
349 3022 430 3093 dixit,
446 3041 463 3078 a
485 3021 516 3079 P.
531 3020 657 3078 Lentulo
670 3037 702 3075 se
716 3019 823 3074 habere
838 3018 874 3072 ad
894 3016 1053 3072 Catilinam
1073 3035 1154 3073 man·

165 3101 233 3158 data
253 3112 282 3159 et
302 3102 410 3173 literas,
425 3111 457 3158 ut
471 3117 617 3158 servorum
637 3097 770 3174 praesidio
788 3105 928 3166 uteretur,
943 3093 1024 3151 etad
1043 3093 1153 3152 Urbem

165 3178 377 3257 quamprimum
398 3199 465 3238 cum
480 3180 608 3237 exercitu
624 3178 796 3235 accederet:
819 3175 848 3232 id
863 3184 960 3232 autern
974 3193 1010 3232 eo
1023 3172 1153 3244 consilio,
1170 3173 1207 3229 35

166 3269 207 3331 ut,
223 3277 290 3317 cum
304 3259 413 3318 Urbem
427 3260 561 3319 omnibus
575 3277 610 3316 ex
623 3257 762 3335 partibus,
772 3254 1015 3332 quemadmodum
1030 3252 1155 3330 descrip-

166 3348 227 3396 tum
248 3339 490 3416 distributumque
511 3347 582 3410 erat,
600 3337 808 3408 incendissent,
823 3335 991 3411 cedentque
1011 3333 1155 3392 infinitam

166 3417 274 3475 ciuium
289 3419 441 3489 fecissent3
462 3416 567 3496 praestd
582 3427 658 3475 esset
671 3417 731 3488 ille,
741 3417 790 3493 qui
805 3425 834 3474 et
845 3415 989 3492 fugientes
999 3413 1155 3490 exciperet,

165 3507 194 3555 et
205 3515 237 3554 se
248 3517 314 3555 cum
326 3497 372 3554 his
382 3498 501 3555 urbanis
511 3497 635 3554 ducibus
646 3496 844 3574 conjungeret.
886 3493 1049 3552 Introducti
1059 3502 1156 3548 autem

167 3577 254 3648 Galli,
274 3577 476 3653 jusjurandum
504 3577 559 3634 sibi
587 3586 615 3634 et
642 3577 740 3633 literas
761 3593 779 3632 a
801 3574 834 3631 P.
856 3573 990 3643 Lentulo,
1012 3571 1155 3647 Cethego,
1173 3570 1209 3625 to

168 3657 293 3728 Statilio,
309 3657 345 3714 ad
367 3675 448 3713 suam
468 3666 583 3734 gentem
598 3657 680 3712 datas
694 3674 758 3712 ease
772 3654 924 3722 dixerunt3
947 3659 1031 3726 atque
1046 3651 1087 3708 ita
1101 3651 1156 3708 sibi

168 3736 205 3792 ab
219 3737 264 3793 his
279 3747 308 3794 et
323 3755 340 3793 a
354 3735 387 3792 L.
403 3735 507 3793 Cassio
521 3755 583 3792 essa
596 3734 806 3812 praescriptum,
821 3742 852 3788 ut
873 3731 1032 3806 equitatum
1048 3730 1078 3787 in
1099 3729 1157 3787 Ita-

167 3815 236 3872 liam
251 3813 464 3892 quamprimum
479 3816 641 3884 mitterent;
663 3813 810 3890 pedestres
825 3811 879 3867 sibi
895 3811 992 3887 copias
1005 3827 1063 3867 non
1077 3810 1158 3866 delu-

169 3906 264 3953 turas:
286 3895 444 3961 Lentulum
466 3905 562 3952 autem
583 3894 638 3951 sibi
660 3891 847 3950 confirmasse
865 3909 901 3947 ex
921 3889 987 3947 latis
1008 3888 1159 3964 Sibyllinis
