2775 4425
376 357 513 409 ORATIO
534 360 580 410 1v.
603 362 641 412 ln
662 364 693 413 L.
716 366 928 421 CATILINAM.
1162 386 1204 446 39

161 496 212 573 qui
225 517 287 569 nos,
297 496 346 572 qui
357 500 503 578 conjuges,
518 503 567 579 qui
580 504 684 565 liberos
697 520 817 583 nostros,
825 513 972 574 trucidare
981 517 1147 593 voluerunt,

162 576 212 651 qui
226 578 354 654 singulas
369 580 593 657 uniuscujusque
607 586 736 645 nostrirm
749 590 858 664 domos,
872 602 901 651 et
915 594 970 653 hoc
984 596 1149 658 universum

161 655 328 730 reipublicae
343 658 530 731 domicilium,
545 661 641 721 delere
655 667 751 724 conati
765 680 847 739 sunt;
868 672 918 745 qui
932 672 961 730 id
975 690 1106 752 egerunt,
1117 689 1149 737 ut

161 745 278 810 gentem
293 735 481 813 Allobrogum
502 738 531 796 in
552 742 679 819 vestigiis
699 745 783 822 hujus
803 749 892 820 urbis,
907 762 993 827 atque
1007 754 1036 813 in
1051 756 1149 817 cinere

162 812 312 889 deflagrati
334 814 455 891 imperii,
477 818 666 891 collocarent;
691 822 716 879 si
736 826 980 888 vehementissimi
1000 832 1148 909 fuerimus,
1181 848 1201 901 5

161 890 362 951 misericordes
389 894 576 955 habebimur:
605 898 650 957 sin
677 902 854 963 remissiores
879 926 943 967 esse
966 910 1148 987 voluerimus,

161 987 281 1026 summae
301 971 384 1028 nobis
404 974 583 1033 crudelitatis
596 976 627 1035 in
638 979 739 1056 patriae
751 982 916 1061 civiumque
928 988 1058 1064 pernicie
1071 992 1149 1052 sama

161 1048 312 1105 subeunda
325 1059 376 1108 est.

200 1124 268 1183 Nisi
288 1127 355 1186 verb
377 1128 503 1206 cuipiam
523 1132 556 1190 L.
572 1133 680 1207 Caesar,
694 1136 737 1197 vir
750 1138 920 1201 fortissimus
938 1154 968 1203 et
988 1149 1149 1208 amantissi-

161 1223 226 1261 mus
239 1206 414 1281 reipublice,
430 1211 571 1269 crudelior
585 1213 791 1275 nudiustertius
804 1219 882 1279 visus
894 1233 947 1295 est,
962 1223 1030 1283 calm
1043 1229 1148 1287 sororis
1165 1234 1201 1290 10

160 1303 230 1354 suae,
246 1285 369 1343 soeminae
380 1287 570 1361 electissime,
578 1291 670 1349 virum
680 1307 849 1370 praesentem
862 1312 893 1357 et
903 1303 1077 1378 audientem,
1089 1307 1148 1366 vitai

159 1363 330 1439 privandum
344 1384 406 1423 esse
420 1366 501 1437 dixit,
516 1368 584 1425 clun
604 1389 689 1429 avum
705 1372 787 1448 jussu
808 1378 934 1436 consulis
953 1380 1147 1457 intersectum,

162 1442 310 1516 liliumque
331 1444 392 1518 ejus
413 1444 599 1522 impuberem,
612 1448 742 1526 legatum
762 1471 780 1509 a
799 1465 879 1531 patre
898 1457 1028 1531 missum,
1042 1460 1073 1519 in
1086 1480 1149 1522 oar·

161 1540 228 1578 cere
243 1532 378 1577 necatum
393 1542 455 1581 esse
469 1524 557 1582 dixit:
577 1544 709 1600 quorum,
723 1533 799 1605 quod
814 1533 908 1591 simile
922 1534 1051 1595 factumi
1072 1541 1148 1613 quod

161 1598 265 1656 initum
286 1598 414 1659 delendae
436 1602 600 1678 reipublice
616 1607 790 1668 consiliuml
829 1610 1006 1689 Largitionis
1018 1616 1149 1677 voluntas
1166 1617 1201 1673 15

161 1687 222 1734 tum
244 1678 273 1735 in
295 1680 442 1754 republicai
462 1690 575 1739 versata
594 1694 647 1754 est,
661 1695 690 1742 et
710 1687 833 1762 partium
847 1692 979 1766 quaedam
992 1696 1147 1756 contentio.

161 1756 259 1830 Atque
274 1756 323 1814 illo
337 1769 463 1835 tempore
477 1759 561 1837 hujus
575 1779 644 1819 avus
657 1762 784 1837 Lentuli,
799 1768 976 1829 clarissimus
988 1772 1042 1845 vir,
1056 1793 1148 1833 mma

160 1844 207 1891 tus
227 1836 395 1893 Gracchum
416 1848 459 1894 est
478 1850 662 1914 persecutus:
683 1842 732 1902 ille
752 1845 840 1904 etiam
860 1867 947 1925 grave
966 1860 1028 1909 tum
1044 1854 1148 1913 vulnus

162 1913 284 1987 accepit,
299 1934 335 1971 ne
356 1915 425 1990 quid
446 1917 482 1974 de
502 1919 614 1975 summa
634 1922 801 1998 republica
820 1928 1015 1989 minueretur:
1035 1931 1095 2004 hic,
1109 1933 1147 1991 ad

161 1994 316 2050 evertenda
344 1994 531 2053 fundamenta
558 1996 733 2074 reipublice,
754 2002 854 2062 Gallos
881 2006 1010 2079 arcessit,
1030 2010 1147 2068 servitia
1162 2010 1200 2067 ὓ)

161 2071 298 2142 concitat,
308 2072 464 2131 Catilinam
478 2085 577 2146 vocat;
600 2077 729 2136 attribuit
741 2100 794 2138 uos
806 2082 992 2143 trucidandos
1005 2087 1146 2165 Cethego,

161 2160 281 2207 caeteros
302 2150 379 2209 cives
399 2151 613 2213 interficiendos
635 2155 771 2229 Gabinio,
791 2160 892 2218 urbem
913 2161 1148 2223 inflammandam

87 2291 88 2296 1
161 2229 274 2300 Cassio,
295 2241 383 2288 totam
411 2232 526 2290 Italiam
546 2235 714 2293 vastandam
736 2237 982 2314 diripiendamque
1003 2241 1147 2300 Catilinae.

161 2307 322 2380 veremini,
339 2308 470 2390 (censeo)
486 2331 533 2384 ne,
548 2311 578 2370 in
599 2313 654 2371 hoc
671 2315 781 2373 scelere
794 2326 854 2373 tam
868 2316 986 2376 immani
1000 2338 1036 2377 ac
1049 2321 1148 2379 nesan-

161 2387 208 2457 do,
229 2387 316 2444 nimis
343 2389 450 2466 aliquid
477 2391 575 2449 severe
603 2393 737 2450 statuisse
763 2393 934 2467 videamini3
962 2396 1031 2456 edm
1056 2397 1147 2458 multe
1163 2411 1201 2468 25

161 2466 254 2542 magis
263 2465 299 2523 sit
311 2468 476 2540 verendum,
490 2489 537 2541 ne,
547 2471 714 2530 remissione
723 2492 824 2548 poenae,
835 2475 967 2534 crudeles
975 2477 1005 2536 in
1015 2477 1148 2554 patriam,

161 2543 249 2619 qualm
270 2565 316 2616 ne,
338 2547 489 2606 severitate
517 2549 780 2623 animadversionis,
800 2553 887 2611 nimis
913 2556 1097 2616 vehementes
1116 2557 1146 2617 in

162 2624 362 2682 acerbissimos
376 2627 480 2698 hostes,
496 2625 582 2684 firisse
596 2628 752 2688 videamur.

201 2702 271 2761 VII.
314 2705 373 2761 Sed
387 2724 423 2762 ea
435 2724 498 2780 quae
513 2707 644 2778 exaudio,
659 2708 760 2767 Patres
779 2708 951 2788 conscripti,
966 2713 1148 2774 dissimulare

161 2800 220 2838 non
236 2800 359 2858 possum.
400 2782 419 2839 J
423 2783 555 2841 aciuntur
576 2785 652 2842 enim
674 2806 768 2860 voces,
782 2807 846 2862 que
865 2791 1035 2866 perveniunt
1048 2794 1085 2851 ad
1099 2813 1148 2851 au·
1163 2809 1200 2864 30

160 2879 208 2917 res
222 2878 310 2932 meas,
326 2880 424 2919 eorum
444 2861 493 2936 qui
507 2863 599 2921 vereri
613 2864 755 2937 videntur,
770 2877 802 2924 ut
821 2866 944 2925 habeam
964 2869 1034 2928 satis
1053 2872 1149 2946 praesi-

161 2938 213 3009 dii,
236 2939 272 2995 ad
294 2958 338 3010 ea,
359 2959 422 3015 quas
450 2960 499 2998 vos
526 2943 682 3000 statueritis
710 2945 848 3002 hodierno
875 2944 933 3016 die,
953 2947 1147 3024 transigenda

160 3016 272 3074 Omnia
291 3028 320 3075 et
338 3019 450 3094 provisa
470 3029 499 3076 et
518 3031 618 3096 parate
638 3031 668 3077 et
687 3021 843 3078 constituta
862 3032 938 3092 sunt,
953 3024 1054 3082 Patres
1073 3026 1150 3084 Con·

161 3095 272 3170 scripti,
287 3095 355 3153 ciam
375 3097 440 3154 meai
461 3099 574 3155 summai
596 3097 667 3155 curia
688 3111 773 3172 atque
793 3099 954 3174 diligentis,
975 3111 1037 3158 tum
1056 3101 1148 3160 multd

161 3174 250 3232 etiam
265 3176 370 3250 majore
383 3176 479 3254 populi
500 3175 638 3248 Romani,
653 3176 689 3232 ad
704 3195 847 3233 summurn
862 3177 1012 3254 imperium
1026 3180 1150 3238 retinen·
1165 3187 1202 3240 35

162 3253 241 3323 dum,
250 3265 281 3312 et
295 3255 331 3310 ad
345 3274 513 3312 communes
526 3255 654 3313 fortunas
668 3256 888 3327 conservandas,
897 3257 1051 3317 voluntate.
1079 3259 1151 3317 Om-

162 3351 214 3389 nes
229 3332 333 3389 adsunt
348 3333 475 3390 omniurn
496 3334 629 3391 ordinum
650 3333 789 3407 homines,
803 3335 932 3393 omnium
946 3337 1070 3412 denique
1084 3347 1151 3396 aeta·

162 3420 241 3467 tum:
262 3411 378 3487 plenum
392 3422 436 3470 est
450 3412 552 3485 lorum,
566 3413 651 3489 plena
670 3413 777 3490 templa
791 3413 871 3472 circa
885 3415 987 3487 lorum,
1001 3416 1079 3493 pleni
1091 3435 1152 3474 om·
1226 3449 1231 3456 -

162 3508 214 3547 nes
236 3489 329 3546 aditus
349 3490 434 3566 hujus
454 3489 510 3548 loci
532 3509 566 3548 ac
586 3492 692 3568 templi.
734 3492 832 3550 Causa
851 3493 929 3550 enim
949 3505 1003 3565 est,
1016 3505 1079 3570 post
1098 3495 1152 3553 Ur·

163 3569 229 3624 bem
244 3569 401 3639 conditam,
413 3570 476 3626 lraec
487 3569 603 3628 inventa
617 3571 686 3641 sola,
698 3569 728 3627 in
738 3571 796 3646 qual
805 3591 905 3628 omnes
913 3572 1053 3630 sentirent
1062 3593 1152 3630 unum
1168 3582 1204 3636 40

164 3658 249 3720 atque
264 3647 351 3718 idem,
365 3659 466 3723 praeter
487 3668 546 3718 eoa,
561 3649 620 3722 qui,
635 3648 704 3706 crim
724 3648 779 3706 sibi
799 3649 930 3706 viderent
950 3669 1013 3707 esse
1032 3671 1153 3726 pereun-

163 3725 243 3795 dum,
258 3745 325 3782 cum
339 3726 473 3783 omnibus
492 3726 586 3802 potiris
604 3727 691 3802 quam
705 3727 757 3784 soli
771 3726 865 3802 perire
880 3727 1037 3785 voluerunt.
1079 3730 1154 3788 Hos-

163 3823 198 3862 ce
213 3823 267 3880 ego
281 3804 411 3862 homines
432 3805 543 3880 excipio
563 3817 591 3862 et
612 3824 732 3862 secerno
752 3805 891 3861 libenter:
911 3824 1006 3880 neque
1027 3807 1104 3864 enim
1123 3808 1153 3864 in

165 3882 358 3959 improborum
379 3882 497 3956 civium,
511 3883 562 3942 sed
576 3884 606 3941 in
621 3881 872 3942 acerbissimorum
885 3882 1020 3957 hostium,
1033 3904 1154 3943 numero
