2775 4425
211 374 246 431 12
473 372 621 425 ,ORATIO
643 372 663 422 I.
687 372 724 423 IN
747 373 777 423 L.
794 372 1008 424 CATILINAM.

259 514 351 573 oculis
362 515 491 573 omnium
503 515 643 592 conspici,
654 517 768 575 mallem
781 536 788 574 :
808 527 851 589 tu,
860 515 940 588 cium,
951 516 1133 575 conscientib
1144 519 1235 576 scele-

259 614 321 649 rum
338 606 460 664 tuorum,
473 612 613 671 agnoscas
626 595 723 652 odium
738 598 867 654 omnium
878 597 997 673 justum,
1011 607 1041 653 et
1051 596 1110 672 jam
1120 598 1171 654 tibi
1183 599 1234 655 diu

259 672 398 743 debitum,
413 673 536 742 dubitas,
551 694 669 748 quorum
685 690 796 733 memes
809 695 967 751 sensusque
982 675 1124 746 vulneras,
1133 695 1235 733 eorum

261 752 426 826 adspectum
447 755 683 828 praesentiamque
698 754 807 811 vitarel
848 754 880 810 Si
904 766 932 811 te
954 767 1088 830 parentes
1101 756 1236 813 timerent

224 840 241 891 5
261 840 344 905 atque
357 831 485 887 odissent
498 832 549 901 tui,
564 850 656 904 neque
670 850 720 889 eos
734 832 791 889 unt
806 831 915 889 ratione
935 832 1052 908 placere
1066 852 1181 909 posses3
1203 844 1236 891 ut

259 908 529 984 opinor„abeorum
551 910 643 966 oculis
665 908 760 985 aliqud
782 910 975 969 concederes:
996 930 1076 968 nunc
1090 922 1118 968 te
1131 912 1234 987 patrie,

259 1006 322 1061 qnae
337 988 497 1045 communis
511 999 554 1044 est
567 987 695 1045 omnium
711 989 839 1047 nostrrlm
853 1008 967 1064 parens,
982 990 1043 1047 odit
1065 1008 1100 1046 ac
1121 990 1234 1062 metuit,

259 1077 289 1122 et
300 1066 410 1140 jamdiu
425 1066 461 1123 de
476 1076 504 1122 te
519 1066 589 1123 nihil
601 1066 724 1141 judicat,
739 1068 794 1124 nisi
808 1068 844 1125 de
858 1069 1013 1143 parricidio
1031 1088 1084 1125 suo
1098 1069 1234 1145 cogitare.

262 1144 356 1220 Hujus
380 1157 410 1202 tu
435 1163 528 1220 neque
551 1145 751 1203 auctoritatem
771 1148 916 1217 verebere,
931 1166 1024 1223 neque
1035 1147 1178 1223 judicium
1192 1166 1236 1203 se-

209 1228 242 1282 10
260 1243 356 1299 quere,
371 1243 463 1298 neque
477 1224 533 1279 vim
557 1223 768 1298 pertimesces?
808 1224 896 1298 Quae·
907 1236 1015 1296 tecum,
1034 1225 1171 1297 Catilina,
1191 1226 1235 1282 sic

261 1303 328 1379 agit,
338 1314 366 1359 et
375 1302 583 1378 quodammodo
591 1302 679 1359 tacita
688 1302 825 1379 loquitur:
838 1310 856 1336 ‘⁴
865 1303 995 1375 Nullum,
1007 1304 1176 1379 aliquotjam
1187 1323 1236 1360 an·

260 1383 315 1452 nis,
328 1382 440 1439 lacinus
454 1381 572 1450 exstitit,
587 1380 642 1438 nisi
654 1401 704 1456 per
716 1394 762 1452 te;
777 1383 888 1440 nullum
899 1382 1039 1459 flagitium
1052 1383 1167 1439 sinete:
1182 1382 1234 1438 tibi

260 1461 310 1517 uni
322 1461 473 1518 multorum
486 1460 591 1517 civium
604 1479 702 1531 neces,
711 1461 763 1519 tibi
775 1462 888 1520 vexatio
901 1462 1077 1538 direptioque
1092 1460 1234 1517 sociorum

261 1540 401 1615 impunita
416 1540 468 1596 fuit
483 1558 516 1596 ac
532 1539 637 1596 libera:
660 1549 702 1610 tu,
717 1560 773 1598 non
790 1540 881 1598 solium
897 1541 932 1597 ad
953 1540 1142 1617 negligendas
1155 1539 1235 1615 leges

210 1621 242 1675 15
260 1630 288 1675 et
302 1620 482 1695 questiones,
498 1616 595 1674 verbm
611 1618 699 1675 etiam
722 1620 757 1675 ad
771 1620 939 1675 evertendas
952 1618 1234 1695 perfringendasque,

259 1697 382 1753 valuisti.
400 1697 553 1771 Superiora
561 1696 619 1765 illa,
628 1715 792 1771 quanquam
800 1697 984 1756 ferendanon
996 1698 1119 1762 luerunt,
1126 1707 1234 1765 tamen,

260 1787 291 1832 ut
305 1776 394 1849 potui,
409 1775 476 1830 tull:
499 1792 577 1829 nunc
592 1770 658 1829 verb
675 1792 720 1829 me
741 1786 828 1830 totam
843 1794 906 1830 esse
920 1774 950 1830 in
972 1785 1050 1858 metu
1072 1784 1185 1849 propter
1206 1784 1236 1831 te

261 1872 367 1921 unnm;
388 1851 525 1926 quidquid
537 1851 720 1926 increpuerit,
730 1851 885 1907 Catilinam
896 1852 1008 1921 timeri;
1022 1852 1132 1909 nullum
1145 1852 1235 1909 rideri

261 1940 362 1988 contra
373 1949 418 1987 me
433 1928 584 1986 consilium
600 1928 666 1986 iniri
688 1948 782 2004 posse,
803 1930 878 2004 quod
904 1949 921 1986 a
944 1940 994 1986 tuo
1008 1930 1118 1986 scelere
1133 1929 1235 1985 sblror-

207 2014 243 2067 20
261 2020 337 2078 reat;
359 2028 417 2065 non
432 2019 475 2065 est
490 2008 647 2065 serendum.
688 2008 897 2074 Quamobrem,
912 2007 1140 2081 discede,'atque
1156 2006 1235 2063 hunc

260 2089 332 2146 mihi
343 2088 473 2145 timorem
487 2087 585 2163 eripe3
606 2086 630 2144 si
644 2096 687 2144 est
699 2106 795 2166 yetus,
804 2107 841 2145 ne
854 2086 998 2164 opprimar
1006 2106 1015 2158 ς
1037 2086 1082 2143 sin
1097 2085 1193 2156 salsus,
1204 2094 1236 2141 ut

261 2169 377 2228 tandem
393 2168 545 2244 aliquando
559 2166 658 2225 timere
673 2166 832 2225 desinam.''

300 2248 386 2306 VIII.
407 2247 483 2305 Haec
497 2248 521 2304 si
533 2257 628 2304 tecum
650 2247 696 2324 (ut
710 2248 783 2382 <linig
798 2247 891 2324 patria
905 2248 1045 2324 loquatur,
1059 2265 1157 2305 nonne
1182 2244 1234 2303 im·

260 2340 371 2404 petrare
392 2328 506 2397 debeat,
533 2326 646 2382 etiamsi
667 2328 723 2383 vim
746 2346 762 2383 a
784 2328 882 2384 hibere
903 2348 960 2384 non
981 2327 1089 2402 possitl
1129 2325 1234 2387 Quidl

207 2411 242 2465 25
260 2404 336 2481 qubd
358 2416 388 2461 tn
409 2415 437 2460 te
458 2405 518 2479 ipse
539 2404 567 2459 in
583 2405 742 2460 custodiam
764 2405 890 2460 dedistil
904 2406 970 2478 quid
983 2407 995 2460 l
1009 2403 1097 2478 quod,
1112 2403 1234 2458 vitandae

260 2483 431 2558 suspicionis
445 2482 543 2550 causti,
558 2481 632 2554 apud
648 2479 689 2536 M.
702 2480 843 2554 Lepidum
857 2493 886 2538 te
897 2481 1107 2536 babitarevelle
1118 2480 1235 2536 dixistil

261 2581 277 2618 a
291 2581 347 2636 quo
361 2579 416 2616 non
429 2569 571 2633 receptus,
586 2558 673 2614 etiem
689 2559 724 2615 ad
739 2577 785 2614 me
800 2558 898 2614 venire
919 2576 1005 2614 susus
1018 2576 1069 2625 es3
1092 2567 1187 2630 atquc,
1202 2566 1234 2613 ut

260 2639 336 2696 domi
353 2657 422 2694 meae
437 2648 466 2694 te
481 2655 664 2706 asservarem,
680 2636 794 2712 rogdsti.
836 2634 913 2691 Cum
927 2655 944 2692 s
958 2654 1003 2691 me
1022 2653 1134 2709 quoque
1148 2635 1176 2691 id
1192 2652 1236 2691 re-

260 2736 395 2793 sponsum
410 2717 532 2786 tulisses,
542 2733 587 2770 me
603 2714 681 2772 bullo
694 2713 779 2771 modo
793 2732 875 2789 posse
889 2714 989 2770 iisdem
1005 2713 1161 2788 parietibus
1171 2710 1233 2770 tuto

207 2800 242 2852 30
259 2816 322 2854 esse
344 2807 450 2866 tecum,
470 2794 518 2870 qui
533 2811 638 2868 magno
652 2793 680 2850 in
695 2792 823 2868 periculo
836 2811 939 2860 essem,
953 2791 1028 2866 quod
1044 2791 1144 2847 iisdem
1165 2809 1235 2846 moe·

260 2877 345 2933 nibus
366 2875 597 2941 contineremur3
620 2872 655 2929 ad
671 2870 712 2933 Q.
729 2870 878 2927 Metellum
900 2881 1050 2946 praetorem
1073 2867 1195 2925 venisti:
1217 2886 1234 2924 s

259 2976 315 3031 quo
329 2954 504 3030 repudiatus,
520 2952 555 3009 ad
569 2951 696 3009 sodalem
711 2961 801 3020 tuum,
816 2949 907 3006 virum
921 2948 1071 3024 optimum,
1099 2947 1140 3003 M.
1156 2946 1234 3003 Mar·

260 3035 375 3105 cellum,
387 3031 570 3110 demigrdsti;
593 3049 678 3106 quem
693 3041 724 3087 tu
740 3029 873 3086 videlicet
886 3038 915 3085 et
927 3028 961 3085 ad
972 3023 1192 3085 custbdiendnm
1204 3035 1233 3081 te

259 3113 521 3190 diligentissimum,
531 3122 560 3168 et
570 3110 605 3166 ad
620 3109 828 3185 suspicandum
843 3107 1071 3183 sagacissimum,
1081 3115 1111 3162 et
1125 3106 1161 3161 sd
1173 3103 1233 3159 vin-

208 3198 243 3250 35
260 3193 416 3249 dicandum
427 3190 620 3258 fortissimum,
630 3188 688 3244 lore
703 3187 818 3262 putdsti.
861 3187 919 3242 Sed
928 3185 1013 3262 qudm
1025 3181 1111 3259 longe
1121 3183 1233 3239 videtur

261 3290 278 3328 a
291 3289 408 3327 carcere
424 3280 507 3343 atque
523 3285 539 3322 a
552 3265 675 3322 vinculis
689 3266 790 3321 abesse
801 3265 916 3333 debere,
927 3265 976 3338 qui
989 3283 1020 3319 se
1032 3263 1092 3337 ipse
1101 3262 1161 3336 jem
1172 3260 1234 3335 dig-

260 3367 328 3405 num
344 3345 475 3404 custodid
488 3343 682 3419 judicaveritl

299 3427 375 3488 Quae
390 3422 458 3480 crim
473 3423 513 3478 ita
527 3421 594 3488 sint,
608 3418 745 3486 Catilina,
760 3418 885 3486 dubitas,
899 3417 924 3472 si
939 3415 987 3472 hic
1003 3414 1136 3492 [morari]
1152 3431 1233 3487 aequo

261 3506 357 3562 animo
371 3521 427 3560 non
442 3509 532 3576 potes,
543 3497 620 3554 abire
635 3494 664 3553 in
680 3495 788 3569 aliquas
802 3506 902 3564 terras,
913 3507 942 3550 et
951 3493 1037 3550 vitem
1053 3493 1149 3560 istam,
1162 3491 1233 3549 mul·

209 3583 244 3638 40
260 3585 296 3640 tis
319 3581 466 3658 suppliciis
483 3576 568 3654 justis
589 3573 749 3648 debitisque
769 3583 907 3648 ereptam,
929 3571 1004 3648 fugae
1028 3568 1232 3643 solitudinique

261 3662 417 3718 mandarel

301 3747 318 3772 “
333 3737 451 3804 Reler,''
464 3734 567 3811 inquis,
581 3738 600 3765 “
615 3730 649 3787 ad
662 3729 801 3786 Senatum
811 3727 829 3754 ''
845 3726 887 3801 (id
897 3726 975 3784 enim
986 3724 1142 3801 postulas):
1157 3733 1196 3794 et,
1207 3723 1233 3781 si

262 3817 309 3874 hic
324 3817 393 3873 ordo
408 3816 521 3891 placere
536 3811 594 3870 sibi·
605 3807 773 3875 decreverit,
788 3816 815 3862 te
830 3806 871 3862 irc
886 3805 915 3861 in
929 3805 1071 3872 exsilium,
1085 3803 1235 3878 obtempe·
1324 3873 1327 3879 Ι

262 3908 388 3954 raturum
402 3904 430 3950 te
451 3909 513 3948 esse
534 3891 616 3946 dicis.
660 3885 726 3944 Non
748 3885 868 3942 referam
890 3883 944 3959 (id,
964 3883 1040 3960 quod
1062 3882 1234 3939 abhorrete
