2775 4425
184 383 241 443 102
430 379 567 430 ORATIO
590 380 660 430 PRO
682 379 713 428 T.
736 378 852 429 ANNIO
872 377 1023 428 MILONE.

228 545 284 602 que
298 525 363 596 hoo,
375 524 499 601 judices,
515 545 572 584 non
587 524 649 583 sine
670 523 759 582 causti
784 524 872 582 etiarn
894 523 971 581 fictis
993 522 1099 581 sabulis
1120 523 1225 583 doctis·

229 605 294 662 simi
309 604 439 663 homines
453 604 598 662 memoriae
622 605 825 681 prodiderunt3
848 622 925 674 eum,
951 603 1001 677 qui
1023 602 1113 678 patris
1137 606 1225 662 ulcis-

228 684 315 742 cendi
330 684 430 756 causti,
445 694 566 742 matrem
580 683 752 753 necavisset,
767 683 1048 741 variatis‘hominum
1062 684 1224 756 sententiis,

228 783 285 822 non
308 761 401 822 solbm
424 763 532 835 divina,
557 763 710 821 sedetiam
735 761 953 839 sapientissimae
976 762 1058 832 Deae,
1081 765 1225 821 sententiat

195 843 390 901 bliberatum.
431 841 524 905 Quod
548 843 572 900 si
595 842 760 900 Duodecim
781 842 905 899 Tabulae
926 853 1100 899 nocturnum
1121 841 1224 914 furem,

228 942 342 998 quoquo
363 923 457 994 modo,
482 923 618 980 diurnum
641 932 748 994 autem,
771 921 796 978 si
819 941 851 978 se
872 921 930 978 telo
952 919 1124 990 defenderit,
1139 921 1226 980 inter·

228 1002 277 1060 fici
308 1000 425 1078 impune
457 1003 623 1071 voluerunt;
654 1001 719 1076 quis
746 1012 798 1072 est,
827 1000 886 1076 qui,
914 1020 1028 1076 quoquo
1055 1002 1141 1058 modo
1160 1002 1225 1076 quis

228 1081 399 1140 interfectus
425 1081 471 1153 sit,
504 1081 684 1157 puniendum
717 1090 808 1157 putet,
836 1078 905 1138 oiim
939 1079 1037 1137 videat
1070 1079 1225 1156 aliquando

228 1161 357 1238 gladium
384 1161 477 1233 nobis,
503 1161 539 1218 ad
563 1160 758 1219 occidendum
787 1159 943 1231 hominem,
966 1160 1003 1216 ab
1024 1159 1092 1237 ipsis
1118 1161 1222 1238 porrigi

180 1240 214 1294 10
227 1241 361 1318 legibusl

268 1320 321 1378 IV
357 1319 458 1395 Atqui,
483 1319 506 1376 si
536 1329 649 1396 tempus
676 1328 720 1376 est
747 1317 873 1375 ullum
862 1337 928 1394 Jure
955 1318 1080 1377 hominis
1099 1320 1225 1377 necandi

230 1396 308 1475 (quae
329 1399 420 1457 multa
440 1399 532 1490 sunt),
548 1398 627 1457 certe
649 1398 721 1455 illud
742 1408 785 1455 est
805 1417 863 1455 non
884 1396 992 1455 modb
982 1410 1102 1474 Justum,
1124 1397 1223 1456 verbm

228 1480 319 1536 etiam
331 1479 539 1550 necessarium,
554 1477 621 1536 cdm
637 1477 664 1534 vi
678 1478 722 1534 vis
737 1477 816 1534 illata
832 1477 1005 1534 defenditur.
1048 1478 1223 1535 Pudicitiam

229 1577 297 1616 cum
300 1559 450 1650 'eriperet
449 1559 533 1616 militi
547 1557 680 1616 tribunus
697 1555 888 1636 [militaris]
880 1577 910 1614 m
931 1556 1060 1614 exercitu
1075 1558 1109 1614 C
1126 1556 1224 1629 Marii,

181 1649 214 1701 15
227 1638 403 1714 propinquus
425 1637 486 1714 eJ'us
509 1637 697 1714 imperatoris
720 1636 890 1694 interfectus
914 1636 951 1692 ab
975 1655 1010 1693 eo
1023 1647 1076 1708 est,
1098 1636 1146 1694 oui
1167 1637 1223 1693 vim

229 1717 374 1774 afferebat.
417 1717 529 1774 Facere
544 1717 622 1773 enim
643 1716 749 1792 probus
771 1715 939 1773 adolescens
952 1682 1124 1792 periculdsd,
1138 1713 1225 1791 quarn

227 1796 337 1872 perpeti
358 1796 487 1871 turpiter,
503 1795 612 1853 maluit.
656 1796 754 1870 Atque
777 1796 856 1852 hunc
880 1795 928 1852 ille
952 1795 994 1852 vir
1008 1815 1148 1865 summus,
1163 1816 1225 1853 soe-

228 1874 288 1931 lere
310 1874 445 1945 solutum,
467 1874 596 1950 periculo
618 1873 759 1932 liberavit.
801 1873 968 1932 Insidiatori
989 1872 1057 1932 verb
1073 1885 1102 1932 et
1121 1875 1225 1934 latroni

228 1972 291 2028 quae
305 1963 397 2028 potest
411 1953 532 2011 inferri
526 1953 631 2029 rnjuste
645 1955 722 2011 nexl

178 2039 214 2092 20
267 2031 352 2094 Quid
367 2033 520 2091 comitatus
534 2031 633 2122 nostri,
658 2033 728 2108 quid
750 2032 851 2109 gladii,
875 2033 994 2091 voluntl
1023 2053 1094 2108 quos
1118 2035 1225 2092 habere

228 2109 308 2170 certe
324 2131 381 2170 non
394 2113 506 2184 liceret,
521 2111 545 2170 si
561 2113 602 2169 uti
623 2079 680 2170 illis
703 2113 782 2170 nullo
803 2122 889 2188 pecto
911 2113 1021 2170 liceret.
1064 2113 1118 2170 Est
1138 2113 1225 2190 igitur

228 2191 302 2264 haec,
314 2191 438 2269 judices,
463 2214 520 2251 non
542 2191 658 2269 scripta,
683 2193 734 2251 sed
757 2202 836 2264 nata,
858 2192 922 2263 lex;
934 2211 1030 2291 qnam
1052 2213 1109 2251 non
1123 2194 1226 2251 didici·

228 2290 292 2330 mus
295 2274 494 2350 ‚accepimus
515 2272 648 2350 legimus,
662 2270 764 2331 verbm
786 2293 822 2331 ex
845 2272 949 2330 natura
965 2272 1028 2349 ipsa
1042 2272 1224 2365 arripuimus,

229 2319 379 2410 hausimus
381 2352 615 2429 ,expressimus3
638 2353 775 2443 adquam
798 2372 857 2409 non
880 2352 968 2423 docti,
991 2353 1042 2409 sed
1065 2352 1145 2424 sacti,
1166 2354 1243 2412 non'

174 2435 214 2501 25
228 2430 361 2502 instituti,
373 2432 424 2488 sed
438 2431 541 2488 imbuti
556 2451 671 2503 sumus;
693 2442 735 2503 ut,
752 2432 776 2489 si
801 2431 860 2489 vita
880 2442 978 2488 nostra
999 2431 1029 2489 in
1052 2432 1191 2506 aliquas
1183 2453 1225 2490 m·

227 2509 363 2581 sidias,'
341 2530 365 2566 sr
380 2510 410 2567 in
424 2510 492 2580 vim,
507 2510 531 2567 si
545 2509 574 2567 in
590 2510 648 2567 tela
671 2522 721 2569 aut
740 2511 883 2568 latronum
898 2521 947 2568 aut
968 2510 1162 2582 inimicorum,
1183 2511 1225 2569 in·

228 2587 356 2659 oidisset,
367 2588 461 2646 omnis
474 2555 673 2649 lionestaratio
689 2602 766 2648 esset
779 2590 964 2666 expediendae
979 2590 1087 2648 salutis.
1130 2558 1224 2649 Silent

227 2666 305 2723 enim
327 2633 407 2743 ldges
431 2667 506 2725 inter
527 2686 623 2739 arma3
654 2690 711 2727 nec
731 2690 762 2727 se
783 2670 943 2745 exspectari
961 2669 1075 2761 jubent,
1096 2669 1223 2742 cumei,

227 2745 277 2819 qui
291 2756 458 2823 exspectare
472 2747 550 2821 velit,
566 2748 633 2806 ante
648 2748 755 2826 injusta
767 2768 853 2826 poena
866 2749 974 2806 luenda
987 2749 1034 2821 sit,
1049 2748 1136 2825 quam
1147 2749 1225 2826 justa

176 2824 212 2881 30
227 2827 391 2901 repetenda.

267 2905 330 2963 Etsi
345 2906 549 2983 persapienter,
565 2919 594 2966 et
607 2908 818 2983 quodammodo
838 2906 939 2979 tacite,
954 2907 1035 2966 dat
1027 2927 1089 2985 rpsa
1110 2909 1157 2967 lex
1176 2930 1224 2986 po-

226 2994 359 3044 testatem
375 2987 567 3059 defendendi3
588 3008 652 3065 quae
676 3008 734 3046 non
758 2989 844 3045 modd
870 2988 1016 3046 hominem
1042 2988 1150 3061 occidi,
1172 2990 1221 3047 sed

226 3085 290 3124 esse
305 3084 372 3123 cum
386 3066 444 3125 telo
457 3032 581 3125 hominis
591 3067 745 3126 occidendi
760 3066 860 3137 causti,
871 3076 965 3138 retat3
987 3078 1029 3139 ut,
1039 3064 1107 3125 edm
1123 3087 1221 3140 causa,

226 3165 282 3204 non
297 3146 387 3203 telum
390 3146 677 3222 ,quaereretu1;qui
701 3147 746 3204 sui
768 3146 943 3204 defendendi
965 3148 1053 3205 causti
1075 3147 1133 3206 telo
1147 3159 1223 3206 esset

174 3229 210 3281 35
226 3245 304 3296 usne,
319 3246 377 3283 non
390 3192 516 3284 bominis
529 3226 684 3285 occidendi
703 3227 794 3284 causa
818 3226 953 3284 habuisse
977 3228 1066 3284 telum
1078 3226 1223 3303 judicare·

225 3314 278 3362 tur.
321 3305 505 3381 Quapropter
528 3306 583 3363 hoc
605 3316 721 3363 maneat
743 3306 773 3363 in
795 3307 894 3377 causti,
916 3305 1049 3382 judices:
1071 3307 1221 3365 nonenim

224 3384 334 3455 dubito,
348 3384 418 3460 quin
431 3385 603 3460 probaturus
617 3384 671 3441 sim
694 3384 775 3444 vobis
797 3386 995 3443 defensionem
1019 3404 1124 3457 meam,
1146 3386 1171 3443 si
1191 3387 1221 3444 id

224 3463 423 3535 memineritis
452 3464 528 3539 quod
549 3464 680 3522 oblivisci
701 3483 760 3522 non
788 3465 915 3541 potestis,
939 3464 1136 3523 insidiatorem
1153 3465 1219 3543 jure

224 3543 348 3601 interfici
361 3563 452 3619 posse.

172 3629 208 3683 40
263 3622 299 3680 V.
335 3624 472 3699 Sequitur
499 3622 581 3695 illud,
610 3624 684 3697 quod
714 3642 732 3681 a
758 3622 878 3682 Milonis
907 3623 1034 3682 inimicis
1063 3624 1220 3700 saepissime

223 3700 339 3775 dicitur,
354 3704 484 3774 Caedem,
500 3702 530 3761 in
544 3703 602 3777 quei
615 3702 647 3760 P
662 3702 784 3761 Clodius
797 3703 912 3762 occisus
926 3714 979 3775 est,
994 3715 1126 3761 senatum
1145 3703 1220 3780 judi-

223 3780 316 3851 cesse,
332 3793 433 3840 contra
446 3749 654 3879 reinpublicam
669 3802 733 3841 esse
747 3782 863 3841 factam
905 3750 991 3840 Illarir
1011 3781 1080 3840 verb
1101 3795 1220 3840 senatus

221 3877 279 3915 non
295 3860 446 3918 sententiis
469 3862 529 3919 suis
556 3860 660 3933 solum,
688 3862 848 3920 sedetiam
869 3862 982 3953 studiis,
1011 3862 1217 3940 comprobavit.

221 3936 348 3997 Quoties
361 3938 440 3995 enirn
453 3949 497 3997 est
511 3940 560 3998 ills
584 3960 673 4001 eausa
696 3959 713 3999 ιι
736 3942 819 4000 nobis
834 3952 900 4000 acta
917 3943 947 4000 in
969 3944 1090 4000 senatui
1113 3943 1219 4019 quibus
