2775 4425
217 382 257 444 58
482 374 617 425 ORATIO
639 374 709 424 PRO
730 375 828 424 LEGE
851 374 1017 424 MANILIA.

267 519 303 575 ad
325 518 489 594 expilandos
511 520 603 577 socios
622 518 854 595 diripiendasque
873 518 1045 594 provincias,
1066 537 1138 593 quos
1161 518 1258 575 volue-

266 607 342 667 runt,
357 598 465 673 legatos
485 597 650 667 eduxerint3
673 616 710 655 an
725 598 795 673 ipse,
809 599 893 672 cujus
906 599 970 673 lege
989 599 1066 653 salus
1081 616 1115 653 ac
1129 597 1257 673 dignitas

266 642 369 752 populo
385 650 525 733 tltotnano
546 688 630 751 atque
649 678 782 734 omnibus
802 678 937 765 gentibus
958 678 1114 733 constituta
1133 687 1187 745 est,
1209 696 1257 732 ex-

267 774 331 830 pers
345 774 407 813 esse
422 756 507 812 debet
527 755 669 831 gloriae
645 775 707 829 equs
727 756 905 830 imperatoris
926 765 1051 830 atqueJ
1024 774 1086 811 eus
1099 754 1256 825 exercitiis,

235 834 315 908 5qui
337 834 484 891 consilio
479 834 566 909 ipsius
594 849 677 909 atque
704 834 833 909 periculo
853 844 896 890 est
916 775 1107 891 constitulusl
1149 833 1197 889 An
1219 834 1256 890 C.

268 912 426 983 Falcidius,
440 913 480 974 Q.
497 912 642 983 Metellae,
655 912 696 973 Q.
712 912 822 969 Coelius
843 912 1028 983 Latiniensia,
1043 912 1098 969 Cn.
1114 912 1257 969 Lentulus

270 990 353 1066 (quos
380 1010 479 1049 omnes
507 992 620 1049 honoris
648 1008 737 1047 eausa
765 991 906 1069 nomino),
927 988 995 1047 caim
1025 990 1133 1048 tribuni
1163 990 1258 1065 plebis

268 1069 398 1141 fuissent,
420 1089 494 1127 anno
514 1070 641 1145 proximo
666 1069 755 1145 legati
782 1088 845 1127 esse
870 1080 1040 1145 potuerunt;
1069 1070 1100 1126 in
1120 1069 1176 1126 hoc
1197 1088 1258 1125 uno

268 1148 393 1207 Gabinio
413 1158 479 1205 sunt
498 1158 557 1205 tam
584 1148 746 1224 diligentes,
767 1148 816 1222 qui
843 1149 873 1205 iu
901 1150 956 1205 boc
983 1148 1067 1219 bello,
1088 1148 1164 1222 quod
1188 1148 1257 1223 lege

220 1238 254 1289 ιο
268 1226 393 1283 Gabinid
407 1227 525 1303 geritur,
541 1227 570 1284 iu
591 1227 645 1284 hoc
667 1227 835 1301 imperatore
855 1238 939 1302 atque
952 1228 1090 1296 exercitu,
1105 1245 1191 1301 quem
1203 1246 1257 1301 per

271 1302 377 1384 [vos]
371 1326 430 1381 ipse
452 1306 609 1376 constituit,
624 1306 711 1362 etiam
732 1306 876 1381 praecipuo
894 1306 958 1380 jure
977 1325 1039 1362 esse
1056 1306 1196 1362 deberetl
1217 1304 1258 1361 de

268 1403 323 1458 quo
343 1384 475 1460 legando,
496 1404 577 1460 spero
597 1351 729 1441 donsules
750 1384 786 1440 ad
806 1396 938 1441 senatum
959 1384 1104 1440 relaturos.
1144 1383 1254 1443 Qui
1230 1403 1258 1439 si

268 1462 450 1534 dubitabunt,
472 1475 520 1519 aut
547 1463 759 1551 gravabuntur3
789 1482 843 1537 ego
862 1481 909 1519 me
928 1463 1059 1551 profiteor
1080 1463 1257 1531 relaturum;

268 1561 361 1616 neque
382 1561 428 1599 me
448 1542 584 1617 impediet
602 1541 780 1616 cujusquam,
793 1540 957 1611 Quirites,
951 1541 1100 1598 mimicum
1115 1542 1257 1610 edictum,

220 1626 254 1679 15
268 1619 430 1695 quominds‚
455 1621 544 1679 fretus
567 1620 656 1690 vobiS,
681 1632 805 1676 vestrum
829 1620 876 1695 jus
900 1620 1130 1695 beneficiumque
1157 1619 1258 1675 defen-

268 1700 352 1755 dam:
377 1718 479 1773 neque,
500 1710 600 1774 praeter
622 1698 866 1769 intercessionem,
886 1699 1042 1773 quidquam
1063 1698 1195 1766 audiam;
1217 1698 1258 1755 de

267 1777 324 1851 qud
340 1776 385 1851 (ut
407 1778 540 1853 arbitror)
556 1777 602 1833 isti
624 1777 686 1851 ipsi,
700 1777 750 1852 qui
771 1777 926 1847 minantur,
940 1778 1028 1834 etiam
1050 1787 1134 1851 atque
1155 1777 1257 1847 etiam,

267 1855 335 1928 quid
350 1855 445 1924 liceat,
461 1856 690 1912 considerabunt.
732 1854 802 1912 Met
815 1857 930 1931 quidem
945 1856 1097 1925 sententia,
1110 1855 1256 1927 Quirites,

269 1951 342 1988 unus
357 1934 392 1989 A.
408 1933 559 2004 Gabinius,
574 1933 641 1991 belli
662 1934 799 1991 maritimi
819 1954 971 2009 rerumque
984 1944 1129 2010 gestarum
1144 1946 1256 2004 auctor,

218 2016 254 2069 20
269 2029 365 2068 comes
386 2011 439 2069 Cn.
456 2012 590 2087 Pompeio
605 2013 793 2070 adscribitur.
814 2024 962 2089 propterea
975 2011 1052 2087 qudd
1067 2013 1138 2069 alter
1152 2013 1203 2069 uni
1224 1980 1256 2070 id

269 2089 375 2147 bellum
396 2091 609 2166 suscipiendum
630 2091 731 2148 vestris
744 2092 888 2168 suffragiis
901 2091 1019 2179 detulit;
1042 2091 1113 2149 alter
1126 2092 1256 2149 delatum

268 2179 487 2246 susceptumque
502 2170 634 2230 confecit.

307 2249 377 2306 XX.
408 2250 564 2326 Reliquum
588 2260 641 2321 est,
662 2259 694 2307 ut
714 2250 750 2307 de
770 2250 811 2312 Q
833 2250 931 2308 Catuli
950 2249 1120 2308 auctoritate
1141 2259 1171 2307 et
1190 2270 1254 2308 sen·

268 2329 358 2385 tentia
373 2329 527 2386 dicendum
542 2349 604 2387 esse
619 2295 756 2386 videatur.
797 2326 942 2391 Quicum
956 2349 992 2386 ex
1004 2330 1084 2386 vobis
1104 2339 1252 2404 quaereret

219 2414 253 2466 25
268 2407 291 2464 si
313 2407 342 2464 in
366 2427 423 2466 uno
443 2408 498 2465 Cn.
519 2407 653 2483 Pompeio
672 2408 769 2465 omnia
788 2408 940 2484 poneretis,
957 2408 981 2465 si
1002 2408 1072 2483 quid
1092 2428 1127 2465 eo
1145 2408 1251 2464 factum

267 2495 352 2554 esset,
368 2486 397 2542 in
418 2505 475 2561 quo
493 2505 571 2561 spem
595 2486 696 2542 essetis
719 2487 860 2555 babituri;
882 2486 959 2562 cepit
974 2505 1112 2562 magnum
1125 2505 1184 2542 suae
1199 2487 1252 2543 vir·

267 2563 336 2619 tutis
358 2563 491 2634 fructum,
510 2583 544 2621 ac
565 2563 805 2639 dignitatis,cl1m
822 2563 1031 2640 omnes,propd
1052 2565 1110 2621 und
1128 2585 1207 2636 voce,
1223 2565 1251 2622 in

268 2659 302 2696 eo
324 2641 384 2716 ipso
405 2661 453 2698 vos
474 2661 552 2718 spem
576 2641 721 2700 babituros
744 2663 807 2701 esse
831 2643 950 2700 dixistis.
992 2643 1108 2701 Etenim
1127 2643 1192 2700 talis
1209 2654 1251 2701 est

267 2718 319 2787 vir,
335 2729 366 2776 ut
388 2720 468 2778 nulla
489 2740 534 2778 res
554 2731 634 2778 tanta
652 2722 689 2779 sit
712 2741 747 2779 ac
764 2733 823 2779 tam
842 2721 977 2792 difficilis,
991 2741 1075 2796 quam
1092 2722 1140 2779 ille
1153 2742 1210 2779 non
1224 2731 1250 2779 et

218 2806 253 2860 30
268 2798 387 2855 consilio
408 2818 517 2875 regere,
532 2810 561 2857 et
581 2799 745 2877 integritate
765 2801 849 2871 tueri,
864 2811 893 2858 et
907 2801 1009 2857 virtute
1025 2801 1177 2871 conticere,
1191 2820 1243 2877 pos

268 2877 312 2933 sit.
354 2878 413 2934 Sed
436 2878 464 2934 in
487 2880 541 2936 hoc
563 2879 623 2954 ipso
640 2880 676 2936 ab
689 2899 724 2936 eo
737 2877 986 2936 vehementissime
1002 2879 1150 2949 dissentio,
1164 2878 1242 2954 qudd

267 2975 323 3030 quo
343 2954 438 3014 minirs
459 2968 538 3014 certa
561 2968 604 3015 est
625 2958 772 3015 hominum
795 2977 830 3014 ac
852 2955 948 3014 mimis
965 2956 1102 3015 diuturna
1116 2958 1182 3027 vita,
1199 2959 1251 3016 hoc

268 3035 359 3112 magis
378 3037 548 3111 respublica,
563 3037 631 3094 dum
645 3056 694 3112 per
714 3036 791 3093 Deos
810 3036 984 3094 immortales
1000 3035 1080 3108 licet,
1095 3036 1151 3094 frui
1168 3037 1249 3094 debet

267 3115 371 3172 summi
387 3115 508 3172 hominis
523 3116 580 3173 vitri
596 3127 679 3190 atque
693 3115 805 3172 virtute.

217 3205 252 3260 35
307 3193 349 3250 At
362 3193 439 3250 enim
454 3193 523 3250 nihil
539 3194 603 3251 novi
625 3193 674 3250 fiat
694 3204 794 3251 contra
807 3193 938 3267 exempla
952 3204 1036 3268 atque
1050 3193 1181 3251 instituta
1194 3213 1242 3251 rna

264 3273 366 3348 jorum.
408 3270 476 3328 Non
495 3272 561 3328 dico
582 3273 637 3328 hoc
655 3271 729 3342 loco,
744 3271 865 3347 majores
878 3284 987 3329 nostros
1000 3290 1122 3346 semper,
1137 3273 1167 3329 in
1180 3291 1253 3347 pace

267 3348 478 3419 consuetudini,
501 3349 530 3406 in
553 3349 627 3406 bello
649 3350 776 3420 utilitati,
797 3350 942 3425 paruisse;
964 3369 1085 3426 semper,
1108 3351 1143 3407 ad
1166 3370 1254 3408 novos

267 3447 352 3486 casus
378 3436 546 3502 temporum,
571 3446 708 3484 novorum
734 3429 917 3486 consiliorum
945 3429 1070 3485 rationes
1093 3447 1251 3486 accommo-

267 3507 370 3563 dasse:
391 3525 448 3562 non
470 3505 575 3576 dicam,
590 3506 647 3562 duo
669 3505 745 3564 bella
766 3507 900 3577 maxima,
915 3507 1058 3564 Punicum
1072 3517 1101 3564 et
1117 3506 1254 3582 Hispani·

218 3595 252 3650 40
267 3606 345 3656 ense,
368 3585 404 3642 ab
426 3604 483 3642 uno
507 3584 674 3659 imperatore
696 3604 759 3641 esse
781 3585 928 3654 confecta3
956 3586 1028 3642 duas
1050 3586 1136 3642 urbes
1156 3598 1253 3661 poten-

267 3665 400 3732 tissimas,
411 3683 474 3738 quae
486 3663 554 3720 huic
569 3662 687 3738 imperio
701 3661 824 3720 maxime
841 3664 1033 3733 minabantur,
1044 3664 1252 3740 Carthaginem

268 3752 351 3816 atque
379 3741 578 3812 Numantiam,
602 3742 638 3797 ab
665 3742 767 3798 eodem
794 3743 930 3817 Scipione
953 3762 1016 3799 esse
1040 3743 1166 3799 deletas:
1195 3762 1252 3800 non

267 3821 504 3890 commemorabo,
516 3839 605 3895 nuper
621 3820 659 3877 ita
671 3821 751 3878 vobis
764 3821 947 3896 patribusque
961 3821 1062 3878 vestris
1075 3840 1138 3878 esse
1149 3822 1251 3892 visum,

267 3907 299 3954 ut
320 3897 350 3954 in
371 3916 429 3953 uno
455 3897 489 3954 C.
513 3897 608 3955 Mario
628 3917 692 3974 spes
714 3897 825 3975 imperii
847 3909 1009 3974 poneretur,
1032 3909 1064 3956 ut
1085 3899 1162 3957 idem
1184 3919 1251 3958 cum
