2775 4425
405 369 544 420 ORATIO
568 371 605 420 IN
629 371 666 421 Μ.
689 372 892 422 ausonium.
1142 375 1200 434 145

154 512 258 589 impuri
280 512 342 584 filii,
358 523 494 590 tanquam
515 534 629 586 nurum,
644 516 827 590 sequebatur.
868 514 898 573 O
918 535 1031 574 miserae
1049 514 1151 574 mulie·

154 593 193 650 ris
208 593 426 650 soecunditatem
435 594 637 652 calamitosam
649 595 655 651 l
699 595 811 653 Horum
834 594 1007 672 flagitiorum
1021 596 1076 654 iste
1090 615 1150 654 ves·

155 671 233 748 tigiis
253 673 352 730 omnia
373 673 541 748 municipia,
555 673 753 750 praefecturas,
768 674 905 746 colonias,
919 684 1009 732 totam
1023 675 1150 751 denique

155 751 280 821 ltaliam,
297 751 446 827 impressit.

194 829 386 904 Reliquorum
407 831 548 888 sactorum
568 831 640 907 ejus,
656 831 757 889 Patres
776 831 951 908 conscripti,
965 831 1092 892 difficilis
1104 843 1149 894 est
1178 841 1198 892 5

155 905 225 965 sane
247 909 432 986 reprehensio
451 919 480 967 et
499 909 620 968 lubrica.
663 910 804 968 Versatus
824 910 853 968 in
869 911 945 970 bello
956 922 1019 970 est:
1040 922 1150 971 satura·

155 987 195 1042 vit
215 1007 246 1045 se
267 988 408 1065 sanguine
433 989 690 1047 dissimillimorum
711 990 756 1046 sui
777 989 893 1048 civium.
935 990 1005 1050 Fuit
1024 991 1102 1063 felix,
1123 991 1149 1050 si

155 1076 246 1141 potest
267 1066 327 1124 ulla
347 1087 410 1125 esse
424 1067 454 1124 in
468 1067 577 1126 scelere
599 1067 731 1126 felicitas.
772 1069 842 1140 Sed,
856 1069 992 1144 quoniam
1005 1071 1149 1130 veteranis

156 1156 273 1202 cautum
288 1165 351 1203 esse
365 1145 504 1216 volumus,
519 1165 683 1223 quanquam
697 1147 845 1206 dissimilis
857 1157 901 1206 est
915 1149 1039 1207 militum
1059 1169 1149 1208 causa

155 1236 184 1281 et
197 1233 249 1281 tua
265 1223 321 1300 (illi
335 1225 427 1282 secuti
442 1235 518 1296 sunt,
532 1235 564 1282 tu
577 1225 715 1301 quaesisti,
730 1227 849 1306 ducem)
862 1248 869 1296 ;
890 1235 999 1300 temen,
1013 1248 1051 1286 ne
1072 1230 1148 1304 apud
1163 1234 1198 1288 10

156 1303 218 1361 illos
248 1322 296 1361 me
325 1303 354 1361 in
385 1304 523 1362 invidiam
550 1323 644 1376 voces,
667 1305 739 1363 nihil
760 1307 797 1364 de
818 1306 886 1364 belli
913 1327 1020 1383 genere
1041 1307 1147 1366 dicam.

154 1382 295 1440 Victore
316 1382 470 1440 Thessalia
498 1383 685 1442 Brundisium
717 1402 786 1442 cum
812 1384 974 1462 legionibus
996 1387 1147 1444 revertisti.

108 1460 113 1467 '
154 1459 201 1518 lbi
225 1480 350 1520 menon
370 1461 522 1520 occidisti:
551 1481 689 1540 magnum
709 1462 904 1521 beneficium:
924 1464 1051 1540 potuisse
1070 1464 1149 1522 enim

155 1540 253 1598 fateor.
295 1541 474 1617 Quanquam
500 1553 586 1600 nem'o
606 1551 669 1600 erat
688 1560 799 1613 eorum,
819 1541 869 1617 qui
889 1552 951 1600 tum
971 1552 1069 1600 tecum
1090 1543 1151 1600 fue·

85 1625 88 1628 ’
154 1629 231 1691 runt,
253 1619 302 1696 qui
329 1619 401 1678 mihi
421 1639 479 1678 non
500 1631 632 1678 censeret
658 1620 738 1698 parci
764 1632 903 1698 oportere.
945 1621 1045 1679 Tanta
1070 1621 1199 1680 enirn15

154 1709 198 1754 est
211 1699 318 1776 caritas
331 1699 441 1774 patriae,
456 1711 488 1757 ut
501 1700 602 1758 vestris
622 1701 710 1758 etiam
730 1699 894 1777 legionibus
913 1711 1032 1758 sanctus
1044 1720 1149 1774 essem,

153 1775 231 1852 quod
252 1797 317 1836 eam
339 1797 357 1835 a
376 1798 422 1836 me
443 1790 584 1836 serratam
598 1799 661 1837 esse
675 1779 882 1839 meminissent.
924 1781 983 1838 Sed
999 1781 1055 1852 sac,
1070 1781 1100 1838 id
1120 1791 1150 1840 te

154 1857 269 1914 dedisse
283 1857 364 1929 mihi,
378 1859 454 1932 quod
475 1879 531 1916 non
553 1857 696 1930 ademisti,
711 1878 815 1935 meque
835 1879 852 1918 a
873 1869 902 1918 te
922 1860 1029 1918 habere
1050 1861 1148 1933 vitam,

153 1937 221 2011 quia
235 1955 253 1994 a
267 1945 296 1994 te
310 1957 366 1994 non
381 1937 418 1994 sit
432 1949 545 2015 erepta;
567 1937 687 1996 licuitne
709 1938 780 1996 mibi
800 1959 850 2015 per
871 1949 936 1996 tuas
956 1941 1148 1999 contumelias

155 2016 209 2073 hoc
230 2015 405 2073 beneficium
426 2017 469 2073 sic
489 2016 574 2088 tueri,
589 2027 621 2073 ut
641 2017 754 2088 tuebar,
767 2018 925 2095 praesertim
946 2016 1015 2075 cirm
1035 2028 1065 2075 te
1085 2019 1148 2077 baec
1161 2019 1198 2072 20

155 2094 320 2152 auditurum
335 2094 469 2152 rideresl

193 2171 293 2233 XXV.
328 2174 442 2234 Venisti
463 2174 660 2247 Brundisium,
676 2173 706 2233 in
727 2173 821 2233 sinum
836 2174 952 2250 quidem
974 2183 1003 2231 et
1024 2175 1054 2233 in
1072 2194 1150 2233 com·

153 2254 268 2330 plexum
300 2262 356 2311 tuae
388 2255 522 2313 mimular.
563 2255 646 2317 Quid
671 2256 737 2313 estl
768 2272 838 2311 num
869 2252 1013 2311 mentiorl
1046 2252 1150 2316 Quem

153 2334 290 2391 miserum
313 2343 356 2390 est
378 2334 406 2391 id
428 2354 533 2410 negare
553 2354 609 2392 non
624 2353 718 2410 posse,
733 2333 808 2408 quod
823 2333 858 2389 sit
873 2331 1069 2408 turpissimum
1083 2352 1150 2390 oon·

153 2412 246 2469 fiteri!
284 2412 317 2470 Si
337 2422 366 2470 te
387 2413 607 2489 municipiorum
629 2433 686 2471 non
707 2413 834 2489 pudebat
842 2432 849 2482 ;
882 2432 919 2469 ne
939 2412 1067 2469 veterani
1087 2410 1199 2487 qui-2⁵

154 2493 219 2549 dem
240 2492 408 2549 exercitiis?
441 2492 519 2553 Quis
540 2494 616 2549 enim
639 2492 722 2549 miles
743 2493 806 2563 fuit,
827 2492 876 2566 qui
901 2491 1048 2549 Brundisii
1070 2492 1148 2549 illam

154 2591 211 2629 non
231 2571 355 2628 videritl
377 2571 450 2646 quis,
465 2572 515 2646 qui
536 2571 681 2643 nescierit,
697 2572 809 2630 venisse
829 2591 893 2630 eam
913 2572 965 2628 tibi
979 2582 1021 2630 tot
1034 2572 1147 2629 dierum

154 2650 229 2707 viam
258 2650 453 2726 gratulatum?
487 2651 561 2725 quis,
583 2651 632 2725 qui
661 2672 717 2709 non
746 2651 909 2723 indoluerit,
931 2662 991 2708 tam
1017 2650 1082 2709 serb
1106 2671 1148 2723 se,

153 2748 240 2804 quem
255 2728 400 2787 hominem
416 2741 532 2787 secutus
546 2739 631 2801 esset,
646 2733 843 2807 cognosceret

194 2808 287 2866 ltaliae
309 2828 407 2865 rursus
427 2809 613 2884 percursatio,
629 2810 730 2866 eddom
752 2811 858 2868 comite
873 2810 979 2878 mimd;
1002 2809 1031 2865 in
1044 2810 1149 2886 oppida
1162 2817 1198 2871 30

154 2888 278 2945 militum
301 2888 427 2945 crudelis
447 2898 476 2945 et
497 2888 601 2945 misera
622 2889 774 2958 deducti03
800 2888 829 2944 in
843 2888 922 2945 Urbe
937 2887 1010 2956 auri,
1026 2887 1148 2963 argenti,

155 2965 338 3042 maximeque
360 2966 429 3036 vini,
445 2968 520 3024 foeda
541 2968 669 3043 direptio.
713 2967 858 3035 Accessit,
873 2976 915 3035 ut,
929 2966 1047 3021 Caesare
1068 2964 1150 3041 igna-

154 3067 195 3117 ro,
219 3044 301 3123 (cum
332 3046 379 3103 ille
403 3057 478 3103 esset
502 3046 702 3123 Alexandriae)
725 3044 868 3101 beneficio
895 3043 1053 3100 amicorum
1075 3044 1147 3117 ejus,

154 3124 292 3203 magister
313 3125 441 3200 equitum
466 3126 697 3183 constitueretur.
740 3123 819 3181 Tum
840 3120 1023 3190 existimavit,
1045 3141 1076 3178 se
1097 3141 1149 3178 suo

152 3206 215 3281 jure
244 3224 312 3261 cum
340 3204 448 3279 Hippia
470 3204 574 3274 vivere,
596 3215 625 3261 et
651 3222 740 3277 equos
760 3200 917 3277 vectigales
939 3199 1042 3275 Sergio
1061 3200 1199 3257 mimo35

154 3286 277 3341 tradere.
320 3282 399 3340 Tum
421 3283 475 3340 sibi
497 3304 553 3342 non
577 3284 661 3352 hanc,
676 3301 764 3355 quam
786 3300 863 3337 nunc
887 3278 961 3337 male
977 3290 1083 3348 tuetur,
1099 3280 1149 3335 sed

155 3362 195 3420 M.
212 3363 326 3421 Pisonis
346 3363 473 3434 domum,
489 3364 537 3420 ubi
559 3362 712 3431 habitaret,
727 3360 844 3437 legerat.
886 3360 970 3421 Quid
991 3378 1046 3435 ego
1067 3358 1150 3415 istius

155 3443 282 3513 decreta,
304 3442 373 3517 quid
394 3442 518 3517 rapinas
534 3442 602 3515 quid
624 3441 823 3498 haereditatum
844 3438 1037 3515 possessiones
1057 3437 1149 3507 datas,

154 3523 223 3596 quid
246 3531 369 3597 ereptas,
383 3521 548 3596 proferaml
578 3520 711 3595 Cogebat
731 3530 863 3596 egestas:
885 3517 942 3592 qud
963 3536 995 3574 se
1016 3526 1149 3586 verteret,

154 3620 211 3659 non
240 3601 374 3657 habebat.
417 3599 554 3658 Nondum
578 3599 605 3656 ei
629 3610 749 3656 tantsa
776 3598 810 3655 L.
833 3596 957 3666 Rubrio,
985 3614 1042 3652 non
1071 3614 1088 3650 a
1114 3593 1148 3651 L.
1163 3590 1200 3646 ⁴1⁰

154 3680 300 3750 Turselio,
328 3678 479 3736 haereditas
503 3688 637 3735 venerat:
668 3678 798 3735 nondum
826 3676 855 3732 in
884 3676 940 3733 Cn.
963 3673 1091 3749 Pompeii
1111 3672 1151 3731 lo-

154 3778 231 3829 cum,
254 3760 466 3831 multorumque
489 3757 618 3826 aliorum,
640 3756 689 3830 qui
715 3757 843 3824 aberant,
865 3752 1032 3828 repentinus
1059 3752 1151 3809 haeres

154 3848 344 3895 successerat.
386 3837 458 3893 Erat
484 3836 512 3893 ei
540 3835 693 3892 vivendum
720 3835 863 3891 latronum
888 3832 955 3903 ritu,
979 3841 1012 3888 ut
1037 3842 1150 3889 tantum

155 3916 284 3989 haberet,
299 3927 439 4051 quantrpp
455 3935 554 3991 rapere
568 3914 715 3990 potuisset.
