2775 4425
370 386 507 437 ORATIO
529 387 579 437 111.
602 387 640 437 IN
661 388 690 437 L.
713 389 928 441 CATILINAM.
1155 396 1197 455 33

158 530 348 589 diminutione
357 530 476 602 civium,
487 542 517 589 et
527 531 634 606 quanta
645 532 809 591 calamitate
821 534 994 610 reipublicae.
1029 535 1148 593 Dissen-

158 612 195 667 sit
210 610 251 667 M.
267 610 394 685 Lepidus
409 629 426 667 a
439 611 599 669 clarissimo
613 623 643 669 et
657 612 809 670 fortissimo
822 615 891 683 viro,
905 614 945 675 Q.
961 615 1085 672 Catulo:
1107 625 1148 672 at·

158 690 223 747 tulit
237 710 294 746 non
308 700 367 746 tam
383 690 470 765 ipsius
494 690 626 748 interitus
648 691 813 767 reipublice
827 692 948 765 luctum,
963 692 1049 769 quim
1064 703 1148 751 carte

158 787 264 827 rorum.

198 848 295 921 Atque
310 846 364 905 illae
379 847 571 905 dissensiones
584 859 666 905 erant
677 847 848 925 hujusmodi,
858 849 1001 921 Quirites,
1012 870 1075 926 quae
1089 872 1146 909 non
1177 858 1196 910 5

159 926 196 982 ad
210 926 372 997 delendam,
382 927 433 983 sed
445 928 480 983 ad
492 928 735 998 commutandam,
744 929 951 1005 rempublicam
961 930 1145 1006 pertinerent

157 1003 227 1061 Non
242 1005 282 1061 illi
298 1006 405 1062 nullam
426 1025 489 1063 esse
510 1006 726 1082 rempublicam,
743 1007 804 1077 sed,
819 1008 849 1065 in
870 1008 905 1065 ed
925 1027 988 1083 quae
1008 1019 1094 1079 esset,
1114 1030 1146 1067 se

157 1102 221 1139 esse
236 1083 394 1159 principes;
417 1103 510 1158 neque
525 1086 600 1142 hanc
614 1086 715 1143 urbem
732 1085 921 1163 conflagrare,
936 1088 986 1145 sed
1000 1107 1031 1145 se
1046 1087 1075 1144 in
1090 1088 1146 1147 hac

157 1162 230 1218 urbe
257 1161 367 1232 llorere,
395 1163 552 1221 voluerunt.
595 1166 691 1241 Atque
719 1164 774 1221 illae
797 1176 894 1223 tamen
916 1185 1017 1224 omnes
1037 1167 1146 1223 dissen-

156 1241 262 1311 siones,
278 1260 398 1315 quarum
422 1242 501 1299 nulla
524 1242 642 1299 exitium
666 1242 831 1319 reipublicae
852 1245 991 1319 quaesivit,
1005 1245 1145 1321 ejusmodi
1162 1250 1195 1302 10

157 1319 284 1389 suerunt,
299 1330 339 1388 ut,
355 1339 410 1377 non
432 1320 665 1379 reconciliatione
689 1322 860 1393 concordiae,
874 1324 924 1379 sed
950 1324 1145 1381 internecione

157 1398 276 1468 civium,
301 1398 464 1473 dijudicate
488 1400 553 1456 sint.
595 1397 630 1457 In
655 1401 710 1457 hoc
725 1410 820 1457 autem
844 1420 902 1458 uno
923 1413 983 1477 post
998 1402 1145 1459 bominum

157 1478 326 1535 memoriam
342 1478 466 1534 maximo
479 1478 733 1553 crudelissimoque
748 1479 832 1548 bello,
846 1480 931 1553 quale
946 1479 1052 1537 bellum
1067 1479 1146 1537 nulla

157 1574 285 1629 unquam
301 1556 433 1613 barbaria
447 1576 513 1613 cum
528 1557 580 1613 suti
595 1567 681 1633 gente
696 1558 793 1633 gessit,
810 1558 923 1633 (quoin
938 1559 1013 1615 bello
1023 1557 1068 1616 lex
1083 1559 1145 1615 baec

158 1635 213 1691 suit
228 1653 245 1690 a
259 1634 390 1705 Lentulo,
405 1635 544 1705 Catilina,
568 1635 679 1705 Cassio,
695 1636 826 1712 Cethego
847 1638 1012 1707 constituta,
1037 1649 1068 1693 ut
1087 1657 1146 1695 om·
1162 1638 1195 1689 15

157 1732 220 1782 nes,
235 1714 283 1787 qui
308 1714 385 1770 salvi
409 1714 480 1771 urbe
504 1714 573 1770 salvi
597 1733 660 1772 esse
682 1724 807 1791 possent,
822 1716 852 1772 in
877 1716 1000 1773 hostium
1025 1735 1146 1775 numero

157 1792 345 1870 ducerentur)
362 1793 402 1849 ita
416 1812 461 1849 me
476 1793 561 1869 gessi,
575 1792 719 1863 Quirites,
734 1804 766 1851 ut
788 1813 888 1851 omnes
910 1795 981 1852 salvi
996 1814 1145 1853 conserva-

156 1871 278 1928 remini:
300 1882 337 1941 et,
353 1869 419 1928 ciam
440 1872 533 1929 hostes
557 1872 641 1929 vestri
665 1882 778 1929 tanturn
801 1874 907 1931 civium
931 1876 1143 1951 superfuturum

156 1950 314 2026 putassent,
329 1961 466 2025 quantum
482 1950 599 2008 infinitae
610 1952 682 2008 caedi
694 1952 853 2022 restitisset,
864 1964 975 2010 tantum
988 1966 1083 2011 autem
1098 1974 1144 2011 ur·

156 2029 211 2099 bis,
225 2040 364 2103 quantum
379 2028 494 2086 flamma
507 2030 587 2087 obire
601 2050 657 2087 non
671 2032 825 2107 potuisset;
846 2041 876 2089 et
898 2033 1000 2089 urbem
1021 2044 1051 2089 et
1065 2033 1143 2090 cives
1156 2040 1193 2094 20

157 2107 283 2183 integros
298 2108 510 2184 incolumesque
525 2109 642 2166 servavi.

196 2186 251 2244 XI.
272 2187 390 2249 Quibus
403 2207 453 2263 pro
475 2188 563 2246 tantis
587 2189 682 2258 rebus,
696 2186 839 2258 Quirites,
853 2187 964 2245 nullum
987 2207 1042 2265 ego
1062 2207 1079 2246 a
1099 2209 1145 2249 vo·

155 2265 200 2324 bis
214 2267 361 2342 praemium
376 2267 496 2338 virtutis,
511 2267 621 2324 nullum
637 2267 750 2343 insigne
775 2266 898 2336 honoris,
913 2266 1022 2324 nullum
1045 2287 1144 2326 mouu-

156 2357 285 2403 mentum
307 2347 399 2403 laudis
420 2346 540 2422 postulo,
567 2358 755 2422 preterquam
778 2346 863 2421 hujus
889 2346 947 2403 diei
975 2347 1142 2404 memoriam

156 2426 366 2500 sempiternam.
408 2425 443 2483 In
459 2426 562 2483 animis
576 2445 630 2502 ego
644 2427 744 2484 vestris
763 2444 863 2483 omnes
882 2425 1039 2501 triumphos
1054 2445 1140 2498 meos,
1156 2431 1191 2484 25

155 2504 252 2561 omnia
265 2515 433 2561 ornamenta
447 2505 570 2576 honoris,
586 2517 771 2562 monumenta
781 2504 889 2582 glorie,
901 2504 994 2562 laudis
1005 2506 1140 2582 insignia,

156 2583 284 2639 condiet
308 2583 441 2641 collocari
466 2584 536 2642 volo.
577 2584 659 2642 Nihil
685 2604 732 2642 me
756 2595 866 2642 mutum
880 2596 972 2660 potest
985 2584 1139 2658 delectare,

155 2661 226 2717 nihil
242 2661 373 2732 tacitum,
397 2663 468 2719 nihil
493 2663 616 2738 denique
641 2663 812 2740 hujusmodi,
835 2665 909 2739 quod
933 2665 1020 2721 etiarn
1044 2664 1140 2722 mimis

155 2739 235 2814 digni
251 2741 360 2814 assequi
375 2741 490 2815 possint.
533 2741 673 2801 Memoria
698 2746 801 2814 vestri,
814 2743 956 2812 Quirites,
972 2753 1073 2800 nostrae
1095 2764 1140 2801 res

156 2818 277 2888 alentur,
292 2820 470 2876 sermonibus
493 2833 633 2892 crescent,
649 2823 795 2879 literarum
820 2823 1011 2880 monumentis
1035 2822 1139 2879 invete·
1153 2819 1188 2872 30

155 2907 269 2954 rascent
283 2908 312 2954 et
326 2899 599 2957 corroborabuntur:
621 2901 799 2975 eandemque
813 2900 889 2956 diem
905 2900 1042 2975 intellig0,
1053 2919 1139 2974 quam

154 2995 237 3050 spero
258 2987 393 3033 aeternam
416 2977 484 3047 fore,
498 2989 527 3036 et
550 2979 728 3035 adsalutem
751 2978 847 3046 Urbis,
861 2990 890 3034 et
915 2979 949 3033 ad
973 2978 1138 3034 memoriam

155 3054 321 3111 consulatus
336 3055 391 3112 mci
409 3054 605 3133 [propagatam
614 3057 634 3134 :]
658 3074 772 3129 unoque
787 3067 912 3129 tempore
927 3055 955 3110 in
971 3055 1025 3111 bac
1040 3056 1140 3130 repub-

154 3131 212 3189 lica
227 3133 297 3189 duos
312 3133 388 3190 cives
408 3135 558 3204 exstitisse,
580 3153 699 3208 quorum
723 3134 794 3190 alter
816 3133 887 3189 lines
909 3133 993 3188 vestri
1018 3132 1138 3208 imperii,

155 3229 212 3268 non
227 3222 318 3282 terrae,
330 3213 380 3269 sed
395 3213 470 3282 coeli,
481 3214 644 3290 regionibus
658 3212 825 3270 terminaret
833 3232 840 3283 ;
863 3212 933 3268 alter
947 3211 1075 3287 ejusdem
1090 3211 1140 3267 im·
1153 3206 1188 3259 35

153 3289 225 3366 perii
240 3290 417 3348 domicilium
432 3292 586 3366 sedemque
600 3302 734 3350 servaret.

194 3368 266 3425 XII.
289 3369 357 3439 Sed,
373 3371 506 3444 quoniam
521 3389 619 3428 earum
640 3390 746 3442 rerum,
761 3389 832 3445 quas
852 3391 906 3448 ego
926 3368 1011 3447 gessi,
1026 3388 1081 3426 non
1097 3379 1140 3426 est

154 3447 256 3504 eadem
271 3448 384 3506 fortuna
399 3460 483 3523 atque
498 3450 632 3520 conditio,
648 3470 711 3524 quae
734 3450 846 3508 illorum
869 3450 916 3524 qui
931 3461 1050 3506 externa
1063 3446 1140 3504 bella

154 3538 320 3602 gesserunt;
337 3525 413 3601 quod
429 3527 498 3584 mihi
514 3547 579 3584 cum
595 3529 639 3584 his
653 3529 805 3586 vivendum
820 3528 866 3597 sit,
876 3548 946 3601 quos
954 3527 1009 3584 vici
1026 3546 1060 3584 ac
1075 3527 1140 3582 sub·

153 3605 216 3680 egi3
246 3605 291 3661 isti
319 3607 414 3664 hostes
442 3618 491 3663 aut
518 3606 681 3664 interfectos
709 3619 757 3665 aut
783 3626 929 3682 oppressos
956 3606 1137 3678 reliquerint3
1153 3611 1187 3664 40

153 3695 278 3741 vestrum
293 3694 346 3754 est,
359 3683 502 3753 Quirites,
517 3685 540 3740 si
555 3686 666 3742 caeteris
687 3706 739 3742 sua
760 3686 835 3741 facta
850 3696 975 3759 prosunt,
990 3684 1060 3741 milri
1075 3703 1140 3740 mea

152 3782 190 3820 ne
205 3764 320 3836 quando
333 3763 437 3832 obsint,
460 3763 615 3838 providere.
659 3763 774 3820 Mentes
797 3763 874 3819 enim
892 3762 1038 3820 bominum
1053 3764 1139 3820 auda·

153 3841 333 3900 cissimorum
348 3842 494 3899 sceleratae
510 3861 544 3898 ac
559 3842 674 3899 nelariae
686 3862 722 3899 ne
737 3842 815 3899 vobis
829 3861 932 3899 nocere
947 3854 1070 3918 possent,
1085 3861 1140 3918 ego

153 3919 278 3996 providi:
307 3939 345 3978 ne
366 3920 437 3978 mihi
462 3931 595 3992 noceant,
620 3932 744 3976 vestrum
766 3931 819 3990 est,
841 3920 996 3996 providae.
1036 3919 1140 3982 Quan-
