2775 4425
215 389 272 448 150
514 384 650 435 ORATIO
673 384 711 468 lN
730 385 768 434 Μ.
785 382 987 433 ANTONIUM.

261 529 395 588 involuto.
438 527 561 600 Janitor,
581 528 660 589 Quis
684 530 738 586 tul
780 529 808 586 A
833 527 936 584 Marco
959 524 1130 583 tabellarius.
1169 524 1238 582 Con·

262 607 355 664 lestim
371 607 495 678 adeam,
511 607 595 684 cujus
616 609 706 664 causa
720 617 846 677 venerat,
862 607 1032 675 deducitur;
1053 605 1134 679 eique
1146 604 1239 678 episto·

260 687 318 744 lam
339 686 433 745 tradit.
474 687 574 748 Quam
597 685 665 744 oiim
686 687 735 743 illa
755 687 864 762 legeret
884 685 967 755 fleus
984 683 1061 762 (erat
1079 683 1152 739 enim
1172 701 1239 738 ama·

260 763 331 824 totid
357 765 483 840 scripta:
512 775 599 841 capnt
627 775 724 822 autem
744 765 901 834 literarum,
922 764 979 822 sibi
1001 781 1068 820 cum
1089 762 1135 818 itta
1159 760 1239 816 mima

227 845 379 920 5posthac
400 845 472 901 nihil
493 844 639 903 futurum:
660 863 775 902 omnem
797 863 828 900 se
851 862 977 901 amorem
1000 841 1138 916 abjecisse
1158 839 1238 908 illinc,

261 933 345 999 atque
367 923 397 981 in
417 924 494 980 hanc
514 924 716 1002 transfudisse)
732 921 800 980 clim
815 923 918 979 mulier
933 921 1014 978 fleret
1028 916 1151 989 uberius,
1160 918 1239 974 homo

260 1003 424 1059 misericors
439 1002 511 1060 serre
527 1021 584 1059 non
605 1002 715 1078 potuit:
737 1012 824 1077 caput
846 1001 974 1077 aperuit;
997 1001 1027 1056 in
1049 998 1149 1055 collurn
1171 996 1240 1051 inva-

260 1080 305 1137 sit.
348 1079 376 1137 O
392 1081 538 1138 hominem
553 1082 693 1156 nequam!
718 1079 800 1158 (quid
814 1081 892 1137 enim
917 1080 995 1137 aliud
1021 1078 1137 1134 dicaml
1157 1073 1239 1150 magis

259 1158 373 1235 proprie
395 1159 466 1216 nihil
488 1178 603 1236 possum
628 1160 749 1238 dicere.)
792 1159 881 1235 Ergo,
896 1169 927 1216 ut
948 1168 977 1215 te
999 1156 1172 1223 catamitum,
1190 1171 1240 1208 nec

211 1241 245 1294 10
260 1236 377 1312 opinato
405 1235 473 1295 cirin
500 1238 685 1309 ostendisses,
706 1247 808 1314 praeter
834 1257 914 1312 spem
942 1237 1046 1294 mulier
1081 1233 1239 1308 adspiceret,

260 1317 369 1374 idcireo
391 1315 498 1375 Urbem
523 1326 630 1373 terrore
651 1328 802 1386 nocturn0,
826 1316 939 1373 Italiam
965 1316 1117 1372 multorum
1138 1311 1240 1367 dierum

260 1407 349 1465 metu,
364 1395 554 1471 perturbasti!
596 1395 635 1454 Et
655 1396 732 1452 domi
752 1395 868 1470 quidem
890 1414 1010 1452 causam
1032 1392 1133 1450 amoris
1149 1389 1240 1466 [habu-

262 1475 338 1610 istiq]
376 1473 443 1532 loris
470 1475 556 1532 etiam
584 1475 749 1550 turpiorem,
776 1493 813 1530 ne
842 1474 887 1531 L..
904 1474 1032 1531 Plancus
1058 1471 1164 1547 praedes
1183 1479 1239 1523 tuos

260 1573 314 1610 ven
337 1563 405 1610 eret.
448 1554 609 1610 Productus
624 1564 719 1610 autem
734 1553 763 1610 in
787 1553 959 1610 concionem
976 1572 993 1608 a
1013 1552 1127 1608 tribuno
1147 1546 1239 1623 plebis,

212 1632 246 1684 15
261 1629 329 1690 cinn
344 1633 549 1708 respondisses,
564 1643 592 1688 te
608 1633 648 1688 rei
671 1644 727 1689 tuae
752 1633 841 1690 causti
866 1631 991 1702 venisse,
1007 1628 1143 1707 populum
1162 1625 1239 1681 etiarn

260 1711 392 1767 dicacem
409 1711 437 1766 in
453 1721 480 1767 te
500 1711 658 1767 reddidisti.

300 1788 434 1845 XXXII.
476 1790 533 1846 Sed
549 1789 634 1845 nimis
647 1789 736 1846 multa
749 1789 785 1846 de
800 1790 902 1866 nugis:
924 1789 960 1845 ad
974 1787 1081 1864 majora
1093 1783 1239 1841 veniamus.

260 1867 368 1923 Caesari
390 1886 426 1923 ex
446 1867 589 1942 Hispania
609 1868 741 1924 redeunti
760 1869 873 1926 obviam
894 1864 1064 1944 longissime
1080 1860 1238 1940 processisti.

259 1945 400 2002 Celeriter
424 1943 483 2016 isti,
510 1945 620 2014 redisti,
646 1957 677 2004 ut
700 1960 888 2023 cognosceret
911 1956 951 2017 te,
972 1947 1000 2003 si
1024 1942 1119 2002 miuus
1139 1941 1240 2006 fortem,

209 2027 245 2081 20
261 2033 386 2082 attamen
408 2034 566 2081 strenuum.
610 2023 719 2082 Factus
741 2045 772 2082 es
793 2026 820 2082 ei
847 2044 954 2095 rursus,
978 2024 1080 2082 nescio
1100 2018 1239 2096 quomodo,

162 2103 170 2126 '
260 2103 416 2161 familiaris.
460 2103 596 2162 Habebat
611 2105 665 2161 hoc
682 2105 802 2162 omnino
816 2105 932 2162 Caesar:
954 2123 1040 2179 quern
1055 2099 1138 2177 plane
1158 2095 1241 2174 perdi-

205 2226 208 2235 .
259 2193 321 2241 tum
344 2202 399 2241 aere
421 2183 525 2254 alieno,
545 2195 746 2261 egentemque,
767 2185 791 2241 si
812 2185 937 2241 eundern
959 2200 1083 2259 nequam
1108 2177 1240 2236 hominem

261 2264 458 2338 audacemque
484 2262 634 2340 cognbrat,
657 2265 735 2321 hunc
760 2264 789 2319 iu
814 2264 1037 2320 familiaritatem
1063 2251 1239 2317 libentissime

262 2343 427 2419 recipiebat.
471 2342 526 2399 His
542 2343 734 2419 igiturflrebus
747 2341 884 2417 praeclare
907 2340 1134 2408 commendatus,
1155 2336 1241 2411 jussus

208 2421 244 2473 25
262 2440 293 2477 es
307 2422 466 2477 renuntiari
483 2422 593 2491 consul,
609 2433 638 2478 et
659 2423 775 2497 quidem
798 2442 863 2478 curn
887 2421 956 2496 ipso.
998 2419 1081 2476 Nihil
1096 2433 1192 2494 queror
1209 2411 1240 2466 de

266 2499 423 2568 Dolabella,
438 2499 485 2573 qui
509 2511 568 2555 tum
591 2510 635 2555 est
659 2501 808 2576 impulsus,
823 2501 968 2569 inductus,
983 2500 1089 2555 elusus.
1129 2493 1194 2555 Qud
1214 2489 1240 2546 in

264 2596 295 2632 re
309 2588 416 2649 quanta
439 2576 523 2634 fuerit
544 2578 691 2652 utriusque
714 2579 839 2635 vestrum
860 2580 982 2655 perfidia
1006 2578 1037 2634 in
1063 2571 1240 2637 Dolabellam,

262 2653 325 2727 quis
340 2654 473 2729 ignoratl
515 2655 568 2712 Ille
584 2656 707 2727 induxit,
722 2668 754 2714 ut
767 2670 893 2734 peteret:
914 2657 1085 2733 promissum
1106 2663 1134 2711 et
1153 2666 1240 2722 recep-

262 2741 323 2788 tum
338 2731 506 2803 intervertit,
522 2735 557 2791 ad
573 2755 659 2810 seque
674 2738 835 2794 transtulit:
857 2751 887 2794 tu
902 2736 964 2811 ejus
984 2735 1111 2810 perfidiae
1125 2731 1241 2814 voluuta-

207 2808 243 2862 30
262 2822 319 2868 tem
342 2822 419 2868 tuam
443 2813 628 2889 adscripsisti.
670 2816 800 2873 Veniunt
821 2816 959 2872 Calendae
979 2813 1144 2871 lanuariae:
1172 2825 1240 2881 cogi·

261 2909 325 2947 mur
347 2890 376 2947 in
398 2902 547 2951 senatum:
569 2894 701 2951 invectus
721 2905 764 2951 est
786 2893 929 2970 copiosius
950 2892 1041 2951 m‘ultd
1062 2894 1091 2949 in
1116 2891 1195 2946 istum
1215 2892 1240 2939 et

260 2967 388 3046 paratius
403 2969 564 3040 Dolabella,
580 2972 667 3048 quam
688 2993 767 3050 nuuc
781 2992 843 3049 ego.
886 2973 945 3029 Hic
968 2980 1064 3030 autem
1087 2971 1171 3027 iratus
1184 2980 1239 3039 quae

261 3048 343 3118 dixit,
359 3048 409 3106 Dii
424 3050 509 3108 boni!

302 3125 440 3198 Primirm,
456 3126 524 3186 cium
539 3130 638 3188 Caesar
650 3130 832 3201 ostendisset,
847 3150 888 3201 se,
901 3130 1068 3206 priusquam
1089 3122 1240 3204 proficisse

207 3204 243 3258 35
262 3216 348 3275 retur,
374 3206 555 3265 Dolabellam
578 3210 727 3267 consulem
754 3228 817 3266 esse
835 3208 1001 3284 jussurum3
1024 3207 1121 3283 (quem
1143 3206 1240 3277 negant

261 3304 370 3360 regem,
397 3285 495 3360 quiet
517 3287 625 3345 faceret
651 3306 764 3363 semper
784 3287 923 3363 ejusmodi
946 3287 1063 3361 aliquid,
1077 3298 1106 3344 et
1125 3276 1237 3352 diceret)

261 3365 311 3419 sed
333 3362 401 3420 edm
422 3362 521 3421 Caesar
542 3364 582 3422 ita
602 3366 738 3435 dixisset;
772 3380 832 3423 tum
853 3367 901 3423 hic
923 3367 1014 3423 bonus
1040 3383 1138 3442 augur,
1158 3380 1191 3415 eo
1212 3373 1238 3409 ΒΘ

261 3443 422 3500 sacerdotio
435 3443 584 3518 praeditum
606 3464 669 3501 esse
691 3444 772 3515 dixit,
788 3455 819 3503 ut
839 3446 956 3502 comitia
977 3445 1113 3521 auspiciis
1133 3440 1173 3497 vel
1194 3436 1238 3523 int·

261 3522 359 3596 pedire
374 3522 416 3579 vel
432 3521 532 3579 vitiare
546 3534 661 3597 posset:
685 3523 770 3598 idque
784 3544 815 3580 se
837 3523 979 3581 facturum
993 3543 1057 3581 esse
1072 3522 1237 3580 asseveravit.

207 3596 297 3655 toln
325 3620 381 3675 quo
405 3599 528 3676 primirm
552 3600 750 3658 incredibilem
772 3602 966 3677 stupiditatem
988 3603 1111 3665 bominis
1131 3610 1239 3673 cognos-

261 3677 327 3734 cite.
369 3679 451 3740 Quid
480 3679 581 3737 eniml
617 3680 702 3751 istuc,
730 3682 805 3756 quod
830 3692 858 3737 te
890 3682 1045 3738 sacerdotii
1072 3682 1133 3757 jure
1153 3677 1237 3732 lacere

260 3774 343 3829 posse
364 3757 470 3828 dixisti,
485 3758 509 3814 si
531 3777 621 3834 augur
635 3778 693 3817 non
708 3778 795 3830 esses,
811 3772 839 3816 et
863 3762 964 3818 consul
988 3781 1077 3832 esses,
1092 3754 1182 3815 minius
1204 3749 1238 3838 la·

261 3850 328 3887 cere
342 3836 505 3905 potuissesl
547 3837 633 3914 Vide,
648 3857 685 3893 ne
700 3838 786 3895 etiam
803 3838 935 3896 facilius:
971 3860 1024 3897 nos
1038 3840 1113 3897 enim
1138 3839 1239 3908 nontra-

260 3907 368 3963 tionem
395 3910 487 3968 sotum
516 3915 672 3985 habemus;
707 3918 842 3975 consules
872 3928 902 3975 et
936 3919 1037 3995 reliqui
1070 3914 1238 3993 magistratus
