2775 4425
203 363 259 423 108
457 359 595 410 ORATIO
617 359 687 409 PRO
709 359 741 409 T.
763 358 879 410 ANNIO
900 358 1051 408 MILONE.

248 505 352 581 capite,
368 523 385 561 a
399 506 456 562 rita
471 505 533 571 sual,
547 504 761 582 propulsarent3
783 525 839 562 non
853 504 971 579 potestis
984 503 1040 560 hoc
1061 503 1174 561 facinus
1189 503 1242 560 inr-

247 585 366 660 probum
378 584 520 660 judicare,
535 585 603 660 quin
625 584 710 640 simul
729 584 876 661 judicetis.
891 583 1034 653 omnibus,
1049 585 1098 657 qui
1112 585 1142 641 in
1156 585 1241 642 latro-

247 683 299 720 nes
326 664 491 736 inciderint,
517 674 566 721 aut
588 664 700 722 illorum
722 664 788 720 telis
810 675 859 720 aut
880 663 982 720 vestris
1005 665 1155 722 sententiis
1175 684 1241 722 esse

246 745 434 818 pereundum.

215 819 233 871 5
286 821 378 883 Quod
393 823 416 879 si
431 822 472 880 ita
484 823 622 898 putasset,
642 820 722 880 certe
743 822 898 898 optabilius
922 819 1026 879 Miloni
1048 821 1149 880 suisset
1170 823 1240 880 dare

252 901 386 978 jugulum
410 901 441 960 P.
465 902 577 972 Clodio,
600 922 657 960 non
682 902 770 960 semel
797 901 905 959 abillo
928 919 1022 976 neque
1037 911 1099 958 tum
1113 899 1239 979 primirm

246 981 377 1056 petitum,
392 979 478 1057 quiam
496 981 622 1057 jugulari
638 1000 655 1038 a
676 981 765 1052 vobis,
780 981 849 1055 quia
870 999 902 1038 se
916 980 958 1037 illi
978 998 1035 1038 non
1047 980 1239 1058 jugulandum

248 1061 420 1118 tradidisset
463 1061 515 1117 Sin
530 1061 585 1119 hoc
606 1080 691 1118 nemo
705 1062 831 1118 vestrim
846 1060 886 1116 ita
907 1059 1009 1129 sentit3
1032 1061 1104 1118 illud
1125 1060 1185 1137 jam
1208 1062 1239 1119 in

252 1139 395 1214 judicIum
422 1140 510 1210 venit,
537 1159 604 1210 non,
633 1139 797 1197 Occisusne
818 1139 855 1196 sit
883 1137 974 1215 (quod
1001 1139 1148 1219 fatemur),
1176 1142 1239 1211 sed,

204 1215 234 1268 [0
248 1219 329 1289 lure,
345 1239 381 1276 an
397 1219 517 1295 injurid3
539 1219 614 1294 quod
628 1219 726 1276 multis
747 1219 777 1276 in
800 1218 896 1276 causis
918 1238 992 1294 saepe
1014 1220 1165 1294 quaesitum
1185 1229 1237 1276 est.

249 1297 374 1355 Insidias
388 1298 479 1356 factas
493 1318 556 1356 esse
578 1309 707 1356 constat:
728 1307 758 1356 et
781 1299 810 1354 id
832 1307 885 1368 est,
900 1299 977 1372 quod
999 1308 1117 1356 senatus
1138 1312 1240 1357 contra

248 1379 455 1454 rempublicam
478 1377 586 1436 factum
597 1377 754 1453 judicavit:
778 1378 815 1434 ab
829 1388 893 1435 utro
908 1378 991 1434 facte
1013 1378 1080 1448 sint,
1096 1377 1239 1435 incertum

249 1469 299 1516 est.
342 1458 388 1515 De
402 1458 457 1516 hoc
472 1458 568 1535 igitur,
583 1457 673 1514 latum
688 1467 740 1528 est,
751 1466 782 1513 ut
795 1466 978 1531 quereretur.
1020 1456 1067 1514 Ita
1079 1467 1108 1514 et
1122 1467 1240 1514 senatus

249 1557 319 1608 rem,
344 1557 401 1595 non
427 1538 581 1607 hominem,
604 1536 713 1594 notavit
720 1557 728 1607 3
749 1545 779 1593 et
801 1536 964 1612 Pompeius,
986 1537 1023 1593 de
1034 1535 1108 1612 jure,
1123 1557 1180 1595 non
1201 1537 1239 1594 de

202 1626 234 1679 15
250 1618 335 1686 facto,
350 1617 536 1692 quaestionem
550 1616 623 1673 tulit.

288 1695 360 1752 XII.
402 1696 554 1770 Numquid
579 1695 665 1772 igitur
681 1694 759 1752 aliud
781 1694 811 1752 in
829 1693 971 1770 judicium
985 1695 1073 1766 venit,
1087 1695 1154 1766 nisi,
1175 1706 1239 1753 uter

248 1775 305 1830 utri
321 1774 439 1830 insidias
460 1773 578 1832 feceritl
612 1773 752 1851 profecto,
775 1775 866 1845 nihil;
897 1774 922 1831 si
944 1774 993 1832 hic
1017 1774 1068 1846 illi,
1091 1785 1123 1832 ut
1146 1795 1183 1832 ne
1201 1775 1240 1832 sit

248 1851 384 1927 impune3
406 1853 430 1908 si
445 1852 493 1909 ille
508 1855 587 1924 huic,
602 1862 662 1909 tum
678 1872 730 1910 nos
744 1853 854 1911 scelere
868 1854 1019 1912 solvamur.

286 1931 425 1992 Quonam
441 1931 527 2008 igitur
541 1942 625 2007 pacto
638 1932 752 2008 probari
765 1943 868 2008 potest,
883 1931 1002 1991 insidias
1017 1931 1120 1990 Miloni
1135 1932 1239 1991 fecisse

198 2011 233 2068 20
249 2009 405 2068 Clodium?
431 2011 509 2068 Satis
523 2021 565 2069 est
580 2012 707 2085 quidem,
727 2011 757 2068 in
771 2012 820 2068 ills
835 2022 894 2070 tam
917 2013 1031 2084 audaci,
1053 2022 1112 2069 tam
1127 2013 1237 2070 nefaria

248 2090 355 2162 bellua,
384 2091 499 2162 docere,
528 2109 665 2167 magnam
699 2091 728 2148 ei
756 2110 885 2163 causam,
923 2109 1058 2168 magnam
1090 2111 1179 2168 spem,
1207 2091 1237 2149 in

249 2168 368 2229 Milonis
382 2181 472 2230 morte
492 2171 675 2249 propositam,
695 2188 816 2248 magnas
838 2171 977 2229 utilitates
998 2170 1094 2229 fuisse.
1136 2170 1238 2247 ltaque

249 2249 320 2308 illud
343 2251 528 2323 CassIanum,
550 2270 600 2310 cur
624 2270 705 2308 aono
728 2270 851 2322 suanm,
867 2250 897 2309 in
921 2251 965 2308 his
986 2251 1115 2328 personis
1127 2252 1236 2321 valeat3

249 2330 302 2386 etsi
317 2330 383 2388 boni
398 2332 478 2389 nullo
492 2331 684 2389 emolumento
705 2330 889 2407 impelluntur
910 2330 940 2386 in
961 2330 1102 2401 fraudem,
1117 2329 1236 2407 improbi

170 2442 171 2446 κ
197 2409 233 2462 25
248 2428 322 2483 saepe
336 2429 430 2485 parvo.
473 2409 574 2484 Atqui,
589 2409 700 2467 Milone
715 2409 875 2480 interfecto,
890 2409 1011 2467 Clodius
1031 2410 1087 2467 hoc
1108 2428 1238 2485 asseque-

248 2487 340 2557 batur,
356 2507 412 2545 non
427 2486 512 2545 modo
528 2498 559 2544 ut
571 2498 673 2564 praetor
688 2498 774 2560 esset,
788 2509 845 2546 non
860 2508 895 2546 eo
909 2489 1036 2559 consule,
1051 2508 1107 2564 quo
1120 2489 1238 2547 sceleris

247 2564 318 2621 nihil
334 2565 429 2623 facere
443 2576 553 2642 posset;
575 2567 626 2623 sed
641 2568 738 2639 etiarn,
753 2577 785 2625 ut
799 2568 844 2625 his
857 2567 1023 2626 consulibus
1036 2579 1138 2644 praetor
1152 2579 1236 2641 esset,

247 2642 360 2717 quibuS,
375 2644 471 2702 sinon
496 2645 761 2720 adjuvantibu5„at
785 2646 1005 2705 conniventibus
1028 2645 1118 2718 certe,
1143 2667 1237 2722 spera·

246 2733 299 2793 ret,
314 2741 355 2780 se
385 2743 467 2799 posse
498 2724 706 2799 rempublicam
736 2726 853 2783 eludere
879 2725 909 2783 in
937 2726 993 2783 illis
1020 2726 1079 2783 suis
1106 2726 1238 2803 cogitatis

195 2810 231 2863 30
247 2801 407 2861 furoribus:
431 2804 512 2881 cujus
527 2803 568 2860 illi
582 2816 703 2863 conatus
725 2804 770 2881 (ut
791 2805 852 2881 ipse
872 2804 1111 2884 ratiocinabatur)
1127 2826 1191 2872 nec,
1213 2806 1237 2864 si

246 2891 370 2957 possent,
386 2884 541 2958 reprImere
555 2894 704 2959 cuperent,
716 2882 784 2941 clun
798 2895 909 2942 tautum
922 2884 1094 2942 beneficium
1105 2885 1133 2941 ei
1143 2905 1174 2943 se
1188 2886 1237 2943 de-

246 2963 314 3021 bere
330 2961 535 3021 arbitrarentur
546 2983 553 3033 ς
575 2973 613 3034 et,
629 2963 653 3019 si
667 2964 782 3034 vellent,
794 2964 911 3021 fortasse
922 2962 969 3020 vix
978 2974 1093 3039 possent
1105 2964 1237 3041 frangere

246 3042 369 3101 hominis
383 3042 596 3099 sceleratissimi
608 3044 819 3101 corroboratam
830 3042 890 3118 jam
905 3053 1045 3101 vetustate
1060 3043 1221 3101 audaciam.

285 3123 334 3179 An
348 3120 427 3192 verd,
439 3121 562 3197 judices
583 3141 632 3179 vos
655 3122 707 3179 soli
732 3121 891 3198 ignoratisl
912 3141 961 3179 vos
985 3122 1110 3197 hospites
1131 3122 1160 3179 in
1181 3124 1237 3181 hac

195 3205 230 3257 :³5
246 3202 317 3258 urbe
331 3200 506 3259 versaminil
528 3210 628 3258 vestra
650 3202 871 3277 peregrinantur
895 3202 1001 3259 auresl
1022 3200 1161 3276 usquein
1182 3202 1237 3259 hoc

244 3289 399 3357 pervagato
426 3278 550 3335 civitatis
580 3298 711 3337 sermone
731 3291 889 3351 versantur,
917 3300 989 3355 quas
1016 3279 1063 3337 ille
1090 3281 1170 3357 leges
1198 3280 1236 3356 (si

245 3360 324 3435 leges
338 3357 519 3417 nominandae
534 3368 609 3428 sunt,
626 3376 661 3415 ac
674 3378 732 3416 non
746 3360 825 3417 faces
839 3359 928 3430 urbis,
952 3369 982 3417 et
1003 3371 1099 3434 pestes
1122 3359 1236 3435 reipub-

245 3437 322 3517 licae)
351 3436 436 3495 suerit
463 3435 645 3510 impositurus
672 3438 755 3495 nobis
780 3438 922 3510 omnibus,
954 3448 1039 3513 atque
1066 3438 1235 3496 inusturusl

245 3517 368 3588 Exhibe,
383 3534 488 3591 quaeso,
513 3515 601 3573 Sexte
624 3516 720 3587 Clodi,
745 3518 850 3575 exhibe
873 3517 1022 3575 librarium
1047 3517 1117 3575 illud
1138 3518 1236 3595 legum

194 3594 229 3648 40
245 3608 412 3666 vestrarum,
441 3595 516 3670 quod
543 3604 572 3652 te
593 3594 674 3652 aiunt
701 3596 840 3671 eripuisse
860 3616 877 3653 e
899 3597 992 3667 domo,
1013 3606 1043 3654 et
1069 3616 1105 3654 ex
1132 3596 1237 3654 mediis

246 3676 332 3731 armis
362 3675 503 3749 turbaque
534 3675 685 3746 nocturna,
713 3686 851 3750 tanquam
879 3676 1051 3746 Palladium,
1075 3676 1235 3748 sustulisse,

246 3765 277 3809 ut
290 3754 459 3827 praclarum
474 3753 608 3811 videlicet
622 3772 737 3824 munus,
753 3765 838 3829 atque
862 3754 1084 3813 instrumentum
1108 3755 1237 3813 tribuna·

245 3830 301 3900 his,
317 3832 354 3887 ad
368 3831 502 3902 aliquem,
517 3832 540 3888 si
555 3843 658 3890 nactus
678 3852 766 3905 esses,
781 3833 831 3908 qui
853 3843 903 3892 tuo
918 3833 1035 3892 arbitrio
1057 3833 1236 3892 tribunatum

1369 3487 1382 3834 l
