<?xml version="1.0" encoding="UTF-8"?>
<!DOCTYPE html PUBLIC "-//W3C//DTD XHTML 1.0 Transitional//EN"
    "http://www.w3.org/TR/xhtml1/DTD/xhtml1-transitional.dtd">
<html xmlns="http://www.w3.org/1999/xhtml" xml:lang="en" lang="en">
 <head>
  <title>
</title>
<meta http-equiv="Content-Type" content="text/html;charset=utf-8" />
  <meta name='ocr-system' content='tesseract 3.04.00' />
  <meta name='ocr-capabilities' content='ocr_page ocr_carea ocr_par ocr_line ocrx_word'/>
</head>
<body>
  <div class='ocr_page' id='page_1' title='image "./mtciceronisorat00folsgoog/mtciceronisorat00folsgoog_0160.png"; bbox 0 0 2775 4425; ppageno 0'>
   <div class='ocr_carea' id='block_1_1' title="bbox 227 361 996 421">
    <p class='ocr_par' dir='ltr' id='par_1_1' title="bbox 227 361 996 421">
     <span class='ocr_line' id='line_1_1' title="bbox 227 361 996 421; baseline 0 -11"><span class='ocrx_word' id='word_1_1' title='bbox 227 363 284 421; x_wconf 76' lang='lat'><strong>154</strong></span> <span class='ocrx_word' id='word_1_2' title='bbox 529 363 665 412; x_wconf 80' lang='lat' dir='ltr'><strong>ORATIO</strong></span> <span class='ocrx_word' id='word_1_3' title='bbox 681 361 720 411; x_wconf 85' lang='lat' dir='ltr'><strong>IN</strong></span> <span class='ocrx_word' id='word_1_4' title='bbox 736 362 775 411; x_wconf 88' lang='grc' dir='ltr'><strong>Μ.</strong></span> <span class='ocrx_word' id='word_1_5' title='bbox 791 361 996 411; x_wconf 84' lang='lat' dir='ltr'><strong>ANTONIUM.</strong></span> 
     </span>
    </p>
   </div>
   <div class='ocr_carea' id='block_1_2' title="bbox 218 487 1355 2946">
    <p class='ocr_par' dir='ltr' id='par_1_2' title="bbox 271 487 1256 818">
     <span class='ocr_line' id='line_1_2' title="bbox 312 487 1256 581; baseline 0 -20"><span class='ocrx_word' id='word_1_6' title='bbox 312 504 476 562; x_wconf 88' lang='lat' dir='ltr'>XXXVII.</span> <span class='ocrx_word' id='word_1_7' title='bbox 518 505 575 563; x_wconf 88' lang='lat' dir='ltr'><strong>Ubi</strong></span> <span class='ocrx_word' id='word_1_8' title='bbox 606 516 650 563; x_wconf 89' lang='lat' dir='ltr'><strong>est</strong></span> <span class='ocrx_word' id='word_1_9' title='bbox 680 505 786 581; x_wconf 88' lang='lat' dir='ltr'><strong>septies</strong></span> <span class='ocrx_word' id='word_1_10' title='bbox 806 505 909 563; x_wconf 90' lang='lat' dir='ltr'><strong>millies</strong></span> <span class='ocrx_word' id='word_1_11' title='bbox 941 505 1115 574; x_wconf 81' lang='lat' dir='ltr'>sestertium,</span> <span class='ocrx_word' id='word_1_12' title='bbox 1135 503 1206 579; x_wconf 94' lang='lat' dir='ltr'><strong>quod</strong></span> <span class='ocrx_word' id='word_1_13' title='bbox 1225 487 1256 561; x_wconf 70' lang='lat' dir='ltr'><strong>ih</strong></span> 
     </span>
     <span class='ocr_line' id='line_1_3' title="bbox 272 583 1252 661; baseline -0.002 -21"><span class='ocrx_word' id='word_1_14' title='bbox 272 584 387 653; x_wconf 88' lang='lat' dir='ltr'><strong>tabulis,</strong></span> <span class='ocrx_word' id='word_1_15' title='bbox 409 603 471 660; x_wconf 87' lang='lat' dir='ltr'><strong>quae</strong></span> <span class='ocrx_word' id='word_1_16' title='bbox 493 585 616 641; x_wconf 91' lang='lat' dir='ltr'><strong>suntad</strong></span> <span class='ocrx_word' id='word_1_17' title='bbox 637 583 722 660; x_wconf 90' lang='lat' dir='ltr'><strong>Opis,</strong></span> <span class='ocrx_word' id='word_1_18' title='bbox 742 585 880 661; x_wconf 79' lang='lat' dir='ltr'><strong>patabatl</strong></span> <span class='ocrx_word' id='word_1_19' title='bbox 909 585 1033 641; x_wconf 79' lang='lat' dir='ltr'><strong>funestae</strong></span> <span class='ocrx_word' id='word_1_20' title='bbox 1054 583 1129 640; x_wconf 90' lang='lat' dir='ltr'><strong>illius</strong></span> <span class='ocrx_word' id='word_1_21' title='bbox 1147 584 1252 657; x_wconf 89' lang='lat' dir='ltr'><strong>quidem</strong></span> 
     </span>
     <span class='ocr_line' id='line_1_4' title="bbox 271 662 1251 740; baseline -0.002 -22"><span class='ocrx_word' id='word_1_22' title='bbox 271 662 414 736; x_wconf 72' lang='lat' dir='ltr'><strong>pecunie,</strong></span> <span class='ocrx_word' id='word_1_23' title='bbox 429 663 479 718; x_wconf 92' lang='lat' dir='ltr'><strong>sed</strong></span> <span class='ocrx_word' id='word_1_24' title='bbox 505 674 600 721; x_wconf 88' lang='lat' dir='ltr'><strong>tamen</strong></span> <span class='ocrx_word' id='word_1_25' title='bbox 624 663 662 740; x_wconf 83' lang='lat' dir='ltr'><strong>(si</strong></span> <span class='ocrx_word' id='word_1_26' title='bbox 689 664 734 734; x_wconf 92' lang='lat' dir='ltr'><strong>iis,</strong></span> <span class='ocrx_word' id='word_1_27' title='bbox 761 683 883 739; x_wconf 91' lang='lat' dir='ltr'><strong>quorum</strong></span> <span class='ocrx_word' id='word_1_28' title='bbox 909 673 984 733; x_wconf 87' lang='lat' dir='ltr'><strong>erat,</strong></span> <span class='ocrx_word' id='word_1_29' title='bbox 999 681 1057 719; x_wconf 89' lang='lat' dir='ltr'><strong>non</strong></span> <span class='ocrx_word' id='word_1_30' title='bbox 1084 662 1251 739; x_wconf 79' lang='lat' dir='ltr'><strong>reddeietur)</strong></span> 
     </span>
     <span class='ocr_line' id='line_1_5' title="bbox 271 741 1253 818; baseline -0.002 -22"><span class='ocrx_word' id='word_1_31' title='bbox 271 759 335 814; x_wconf 80' lang='lat' dir='ltr'><strong>quae</strong></span> <span class='ocrx_word' id='word_1_32' title='bbox 350 759 402 798; x_wconf 91' lang='lat' dir='ltr'><strong>nos</strong></span> <span class='ocrx_word' id='word_1_33' title='bbox 418 759 434 796; x_wconf 96' lang='lat' dir='ltr'><strong>a</strong></span> <span class='ocrx_word' id='word_1_34' title='bbox 448 741 561 798; x_wconf 90' lang='lat' dir='ltr'><strong>tributis</strong></span> <span class='ocrx_word' id='word_1_35' title='bbox 574 753 671 818; x_wconf 86' lang='lat' dir='ltr'><strong>posset</strong></span> <span class='ocrx_word' id='word_1_36' title='bbox 685 742 841 799; x_wconf 87' lang='lat' dir='ltr'><strong>vindicare.</strong></span> <span class='ocrx_word' id='word_1_37' title='bbox 882 742 933 799; x_wconf 93' lang='lat' dir='ltr'><strong>Tu</strong></span> <span class='ocrx_word' id='word_1_38' title='bbox 955 751 1054 798; x_wconf 88' lang='lat' dir='ltr'><strong>autem</strong></span> <span class='ocrx_word' id='word_1_39' title='bbox 1074 741 1253 816; x_wconf 86' lang='lat' dir='ltr'><strong>quadringen-</strong></span> 
     </span>
    </p>

    <p class='ocr_par' dir='ltr' id='par_1_3' title="bbox 218 819 1355 2946">
     <span class='ocr_line' id='line_1_6' title="bbox 238 819 1252 896; baseline -0.005 -17"><span class='ocrx_word' id='word_1_40' title='bbox 238 819 326 879; x_wconf 82' lang='lat' dir='ltr'><strong>5tIes</strong></span> <span class='ocrx_word' id='word_1_41' title='bbox 348 819 411 890; x_wconf 88' lang='lat' dir='ltr'><strong>HS,</strong></span> <span class='ocrx_word' id='word_1_42' title='bbox 425 821 502 894; x_wconf 94' lang='lat' dir='ltr'><strong>quod</strong></span> <span class='ocrx_word' id='word_1_43' title='bbox 527 819 628 878; x_wconf 87' lang='lat' dir='ltr'><strong>Idibus</strong></span> <span class='ocrx_word' id='word_1_44' title='bbox 653 819 767 877; x_wconf 89' lang='lat' dir='ltr'><strong>Martiis</strong></span> <span class='ocrx_word' id='word_1_45' title='bbox 791 821 926 892; x_wconf 81' lang='lat' dir='ltr'><strong>debuisti,</strong></span> <span class='ocrx_word' id='word_1_46' title='bbox 941 838 1069 896; x_wconf 88' lang='lat' dir='ltr'><strong>quonam</strong></span> <span class='ocrx_word' id='word_1_47' title='bbox 1090 819 1170 876; x_wconf 93' lang='lat' dir='ltr'><strong>modo</strong></span> <span class='ocrx_word' id='word_1_48' title='bbox 1193 827 1252 874; x_wconf 89' lang='lat' dir='ltr'><strong>ante</strong></span> 
     </span>
     <span class='ocr_line' id='line_1_7' title="bbox 271 897 1253 974; baseline -0.002 -20"><span class='ocrx_word' id='word_1_49' title='bbox 271 897 419 954; x_wconf 87' lang='lat' dir='ltr'><strong>Calendas</strong></span> <span class='ocrx_word' id='word_1_50' title='bbox 432 899 548 974; x_wconf 83' lang='lat' dir='ltr'><strong>Apriles</strong></span> <span class='ocrx_word' id='word_1_51' title='bbox 562 899 667 956; x_wconf 88' lang='lat' dir='ltr'><strong>debere</strong></span> <span class='ocrx_word' id='word_1_52' title='bbox 688 897 811 957; x_wconf 79' lang='lat' dir='ltr'><strong>desistit</strong></span> <span class='ocrx_word' id='word_1_53' title='bbox 853 900 929 956; x_wconf 88' lang='lat' dir='ltr'><strong>Sunt</strong></span> <span class='ocrx_word' id='word_1_54' title='bbox 942 919 979 956; x_wconf 89' lang='lat' dir='ltr'><strong>ea</strong></span> <span class='ocrx_word' id='word_1_55' title='bbox 999 898 1115 973; x_wconf 90' lang='lat' dir='ltr'><strong>quidem</strong></span> <span class='ocrx_word' id='word_1_56' title='bbox 1134 897 1253 954; x_wconf 90' lang='lat' dir='ltr'><strong>innume·</strong></span> 
     </span>
     <span class='ocr_line' id='line_1_8' title="bbox 271 975 1252 1053; baseline -0.003 -20"><span class='ocrx_word' id='word_1_57' title='bbox 271 976 384 1047; x_wconf 86' lang='lat' dir='ltr'><strong>rabilia,</strong></span> <span class='ocrx_word' id='word_1_58' title='bbox 408 996 471 1053; x_wconf 82' lang='lat' dir='ltr'><strong>quae</strong></span> <span class='ocrx_word' id='word_1_59' title='bbox 500 997 517 1034; x_wconf 90' lang='lat' dir='ltr'><strong>a</strong></span> <span class='ocrx_word' id='word_1_60' title='bbox 543 977 661 1035; x_wconf 89' lang='lat' dir='ltr'><strong>diversis</strong></span> <span class='ocrx_word' id='word_1_61' title='bbox 681 977 861 1050; x_wconf 80' lang='lat' dir='ltr'><strong>emebantur,</strong></span> <span class='ocrx_word' id='word_1_62' title='bbox 883 997 942 1036; x_wconf 91' lang='lat' dir='ltr'><strong>non</strong></span> <span class='ocrx_word' id='word_1_63' title='bbox 970 977 1114 1034; x_wconf 79' lang='lat' dir='ltr'><strong>insciente</strong></span> <span class='ocrx_word' id='word_1_64' title='bbox 1139 985 1182 1044; x_wconf 83' lang='lat' dir='ltr'><strong>te3</strong></span> <span class='ocrx_word' id='word_1_65' title='bbox 1206 975 1252 1030; x_wconf 89' lang='lat' dir='ltr'><strong>sed</strong></span> 
     </span>
     <span class='ocr_line' id='line_1_9' title="bbox 271 1053 1253 1133; baseline -0.001 -23"><span class='ocrx_word' id='word_1_66' title='bbox 271 1074 362 1111; x_wconf 91' lang='lat' dir='ltr'><strong>unum</strong></span> <span class='ocrx_word' id='word_1_67' title='bbox 376 1056 525 1132; x_wconf 85' lang='lat' dir='ltr'><strong>egregium</strong></span> <span class='ocrx_word' id='word_1_68' title='bbox 540 1056 576 1114; x_wconf 90' lang='lat' dir='ltr'><strong>de</strong></span> <span class='ocrx_word' id='word_1_69' title='bbox 591 1075 658 1133; x_wconf 84' lang='lat' dir='ltr'><strong>rege</strong></span> <span class='ocrx_word' id='word_1_70' title='bbox 679 1055 826 1127; x_wconf 89' lang='lat' dir='ltr'><strong>Deiotaro,</strong></span> <span class='ocrx_word' id='word_1_71' title='bbox 840 1057 945 1133; x_wconf 92' lang='lat' dir='ltr'><strong>populo</strong></span> <span class='ocrx_word' id='word_1_72' title='bbox 969 1057 1107 1114; x_wconf 85' lang='lat' dir='ltr'><strong>Romano</strong></span> <span class='ocrx_word' id='word_1_73' title='bbox 1127 1053 1253 1111; x_wconf 85' lang='lat' dir='ltr'><strong>amicissi-</strong></span> 
     </span>
     <span class='ocr_line' id='line_1_10' title="bbox 271 1134 1252 1212; baseline -0.002 -23"><span class='ocrx_word' id='word_1_74' title='bbox 271 1152 328 1202; x_wconf 90' lang='lat' dir='ltr'><strong>mo,</strong></span> <span class='ocrx_word' id='word_1_75' title='bbox 343 1134 491 1191; x_wconf 89' lang='lat' dir='ltr'><strong>decretum</strong></span> <span class='ocrx_word' id='word_1_76' title='bbox 508 1134 537 1191; x_wconf 90' lang='lat' dir='ltr'><strong>in</strong></span> <span class='ocrx_word' id='word_1_77' title='bbox 553 1134 697 1211; x_wconf 86' lang='lat' dir='ltr'><strong>Capitolio</strong></span> <span class='ocrx_word' id='word_1_78' title='bbox 710 1135 818 1205; x_wconf 86' lang='lat' dir='ltr'><strong>fixum;</strong></span> <span class='ocrx_word' id='word_1_79' title='bbox 839 1155 897 1211; x_wconf 90' lang='lat' dir='ltr'><strong>quo</strong></span> <span class='ocrx_word' id='word_1_80' title='bbox 916 1135 1074 1212; x_wconf 88' lang='lat' dir='ltr'><strong>proposito,</strong></span> <span class='ocrx_word' id='word_1_81' title='bbox 1089 1153 1170 1190; x_wconf 91' lang='lat' dir='ltr'><strong>nemo</strong></span> <span class='ocrx_word' id='word_1_82' title='bbox 1188 1141 1252 1201; x_wconf 90' lang='lat' dir='ltr'><strong>erat,</strong></span> 
     </span>
     <span class='ocr_line' id='line_1_11' title="bbox 223 1210 1253 1290; baseline -0.004 -21"><span class='ocrx_word' id='word_1_83' title='bbox 223 1217 256 1270; x_wconf 94' lang='grc'><strong>10</strong></span> <span class='ocrx_word' id='word_1_84' title='bbox 272 1211 364 1287; x_wconf 92' lang='lat' dir='ltr'><strong>quiin</strong></span> <span class='ocrx_word' id='word_1_85' title='bbox 387 1211 447 1288; x_wconf 87' lang='lat' dir='ltr'><strong>ipso</strong></span> <span class='ocrx_word' id='word_1_86' title='bbox 468 1213 564 1271; x_wconf 87' lang='lat' dir='ltr'><strong>dolore</strong></span> <span class='ocrx_word' id='word_1_87' title='bbox 589 1215 676 1271; x_wconf 89' lang='lat' dir='ltr'><strong>risum</strong></span> <span class='ocrx_word' id='word_1_88' title='bbox 698 1224 794 1290; x_wconf 89' lang='lat' dir='ltr'><strong>posset</strong></span> <span class='ocrx_word' id='word_1_89' title='bbox 813 1214 973 1272; x_wconf 89' lang='lat' dir='ltr'><strong>continere.</strong></span> <span class='ocrx_word' id='word_1_90' title='bbox 1015 1212 1094 1273; x_wconf 78' lang='lat' dir='ltr'><strong>Quis</strong></span> <span class='ocrx_word' id='word_1_91' title='bbox 1106 1212 1180 1269; x_wconf 89' lang='lat' dir='ltr'><strong>enim</strong></span> <span class='ocrx_word' id='word_1_92' title='bbox 1200 1210 1253 1266; x_wconf 90' lang='lat' dir='ltr'><strong>cui·</strong></span> 
     </span>
     <span class='ocr_line' id='line_1_12' title="bbox 271 1288 1253 1368; baseline -0.004 -20"><span class='ocrx_word' id='word_1_93' title='bbox 271 1309 357 1366; x_wconf 86' lang='lat' dir='ltr'><strong>quam</strong></span> <span class='ocrx_word' id='word_1_94' title='bbox 382 1291 536 1363; x_wconf 77' lang='lat' dir='ltr'><strong>inimicior,</strong></span> <span class='ocrx_word' id='word_1_95' title='bbox 558 1291 644 1368; x_wconf 81' lang='lat' dir='ltr'><strong>qudm</strong></span> <span class='ocrx_word' id='word_1_96' title='bbox 668 1292 806 1350; x_wconf 90' lang='lat' dir='ltr'><strong>Deiotaro</strong></span> <span class='ocrx_word' id='word_1_97' title='bbox 828 1293 948 1351; x_wconf 71' lang='lat' dir='ltr'><strong>Caesari</strong></span> <span class='ocrx_word' id='word_1_98' title='bbox 981 1291 1064 1367; x_wconf 76' lang='lat' dir='ltr'><strong>aeque</strong></span> <span class='ocrx_word' id='word_1_99' title='bbox 1090 1301 1171 1366; x_wconf 89' lang='lat' dir='ltr'><strong>atque</strong></span> <span class='ocrx_word' id='word_1_100' title='bbox 1191 1288 1253 1345; x_wconf 90' lang='lat' dir='ltr'><strong>huic</strong></span> 
     </span>
     <span class='ocr_line' id='line_1_13' title="bbox 271 1367 1253 1446; baseline -0.005 -20"><span class='ocrx_word' id='word_1_101' title='bbox 271 1370 376 1440; x_wconf 90' lang='lat' dir='ltr'><strong>ordini,</strong></span> <span class='ocrx_word' id='word_1_102' title='bbox 398 1381 430 1427; x_wconf 91' lang='lat' dir='ltr'><strong>ut</strong></span> <span class='ocrx_word' id='word_1_103' title='bbox 451 1372 587 1446; x_wconf 84' lang='lat' dir='ltr'><strong>equestri,</strong></span> <span class='ocrx_word' id='word_1_104' title='bbox 610 1381 642 1429; x_wconf 92' lang='lat' dir='ltr'><strong>ut</strong></span> <span class='ocrx_word' id='word_1_105' title='bbox 669 1370 911 1442; x_wconf 77' lang='lat' dir='ltr'><strong>Massiliensibus,</strong></span> <span class='ocrx_word' id='word_1_106' title='bbox 933 1382 966 1428; x_wconf 93' lang='lat' dir='ltr'><strong>ut</strong></span> <span class='ocrx_word' id='word_1_107' title='bbox 994 1371 1139 1440; x_wconf 90' lang='lat' dir='ltr'><strong>omnibus,</strong></span> <span class='ocrx_word' id='word_1_108' title='bbox 1160 1367 1253 1442; x_wconf 90' lang='lat' dir='ltr'><strong>quibus</strong></span> 
     </span>
     <span class='ocr_line' id='line_1_14' title="bbox 273 1444 1253 1526; baseline -0.004 -22"><span class='ocrx_word' id='word_1_109' title='bbox 273 1450 481 1523; x_wconf 80' lang='lat' dir='ltr'><strong>rempublicam</strong></span> <span class='ocrx_word' id='word_1_110' title='bbox 502 1450 598 1526; x_wconf 91' lang='lat' dir='ltr'><strong>populi</strong></span> <span class='ocrx_word' id='word_1_111' title='bbox 618 1450 746 1508; x_wconf 87' lang='lat' dir='ltr'><strong>Romani</strong></span> <span class='ocrx_word' id='word_1_112' title='bbox 765 1469 862 1508; x_wconf 90' lang='lat' dir='ltr'><strong>caram</strong></span> <span class='ocrx_word' id='word_1_113' title='bbox 881 1469 944 1507; x_wconf 90' lang='lat' dir='ltr'><strong>esse</strong></span> <span class='ocrx_word' id='word_1_114' title='bbox 968 1450 1119 1507; x_wconf 83' lang='lat' dir='ltr'><strong>sentiebat.</strong></span> <span class='ocrx_word' id='word_1_115' title='bbox 1159 1445 1188 1503; x_wconf 90' lang='lat' dir='ltr'><strong>Is</strong></span> <span class='ocrx_word' id='word_1_116' title='bbox 1208 1444 1253 1522; x_wconf 84' lang='lat' dir='ltr'><strong>igi·</strong></span> 
     </span>
     <span class='ocr_line' id='line_1_15' title="bbox 272 1525 1253 1605; baseline -0.004 -22"><span class='ocrx_word' id='word_1_117' title='bbox 272 1536 328 1598; x_wconf 87' lang='lat' dir='ltr'><strong>tur,</strong></span> <span class='ocrx_word' id='word_1_118' title='bbox 344 1547 430 1604; x_wconf 91' lang='lat' dir='ltr'><strong>aquo</strong></span> <span class='ocrx_word' id='word_1_119' title='bbox 445 1529 518 1600; x_wconf 84' lang='lat' dir='ltr'><strong>vivo,</strong></span> <span class='ocrx_word' id='word_1_120' title='bbox 532 1549 588 1586; x_wconf 89' lang='lat' dir='ltr'><strong>uec</strong></span> <span class='ocrx_word' id='word_1_121' title='bbox 602 1547 728 1605; x_wconf 81' lang='lat' dir='ltr'><strong>praesens</strong></span> <span class='ocrx_word' id='word_1_122' title='bbox 742 1548 798 1586; x_wconf 90' lang='lat' dir='ltr'><strong>nec</strong></span> <span class='ocrx_word' id='word_1_123' title='bbox 813 1529 917 1586; x_wconf 85' lang='lat' dir='ltr'><strong>absens</strong></span> <span class='ocrx_word' id='word_1_124' title='bbox 929 1529 1088 1605; x_wconf 87' lang='lat' dir='ltr'><strong>quidquam</strong></span> <span class='ocrx_word' id='word_1_125' title='bbox 1109 1526 1179 1600; x_wconf 80' lang='lat' dir='ltr'><strong>aequi</strong></span> <span class='ocrx_word' id='word_1_126' title='bbox 1192 1525 1253 1580; x_wconf 90' lang='lat' dir='ltr'><strong>bort.</strong></span> 
     </span>
     <span class='ocr_line' id='line_1_16' title="bbox 225 1603 1253 1684; baseline -0.005 -22"><span class='ocrx_word' id='word_1_127' title='bbox 225 1609 257 1662; x_wconf 86' lang='lat'><strong>15</strong></span> <span class='ocrx_word' id='word_1_128' title='bbox 273 1606 442 1683; x_wconf 86' lang='lat' dir='ltr'><strong>impetrarit,</strong></span> <span class='ocrx_word' id='word_1_129' title='bbox 458 1609 533 1682; x_wconf 92' lang='lat' dir='ltr'><strong>apud</strong></span> <span class='ocrx_word' id='word_1_130' title='bbox 552 1619 694 1666; x_wconf 89' lang='lat' dir='ltr'><strong>mortuum</strong></span> <span class='ocrx_word' id='word_1_131' title='bbox 710 1608 804 1665; x_wconf 85' lang='lat' dir='ltr'><strong>Iactus</strong></span> <span class='ocrx_word' id='word_1_132' title='bbox 816 1617 861 1664; x_wconf 87' lang='lat' dir='ltr'><strong>est</strong></span> <span class='ocrx_word' id='word_1_133' title='bbox 873 1608 1028 1684; x_wconf 84' lang='lat' dir='ltr'><strong>gratiosus.</strong></span> <span class='ocrx_word' id='word_1_134' title='bbox 1070 1603 1253 1681; x_wconf 76' lang='lat' dir='ltr'><strong>Compellirat</strong></span> 
     </span>
     <span class='ocr_line' id='line_1_17' title="bbox 272 1681 1252 1762; baseline -0.004 -21"><span class='ocrx_word' id='word_1_135' title='bbox 272 1685 413 1761; x_wconf 89' lang='lat' dir='ltr'><strong>hospitem</strong></span> <span class='ocrx_word' id='word_1_136' title='bbox 437 1705 577 1762; x_wconf 84' lang='lat' dir='ltr'><strong>praesens;</strong></span> <span class='ocrx_word' id='word_1_137' title='bbox 612 1687 809 1762; x_wconf 57' lang='lat' dir='ltr'><strong>computarem</strong></span> <span class='ocrx_word' id='word_1_138' title='bbox 843 1687 1000 1762; x_wconf 90' lang='lat' dir='ltr'><strong>pecuniam</strong></span> <span class='ocrx_word' id='word_1_139' title='bbox 1029 1684 1195 1762; x_wconf 55' lang='lat' dir='ltr'><strong>impertitam</strong></span> <span class='ocrx_word' id='word_1_140' title='bbox 1226 1681 1252 1737; x_wconf 90' lang='lat' dir='ltr'><strong>in</strong></span> 
     </span>
     <span class='ocr_line' id='line_1_18' title="bbox 262 1762 1250 1838; baseline -0.003 -19"><span class='ocrx_word' id='word_1_141' title='bbox 262 1762 334 1838; x_wconf 81' lang='lat' dir='ltr'><strong>-ejus</strong></span> <span class='ocrx_word' id='word_1_142' title='bbox 347 1765 532 1821; x_wconf 82' lang='lat' dir='ltr'><strong>tetrarchiam</strong></span> <span class='ocrx_word' id='word_1_143' title='bbox 553 1784 642 1822; x_wconf 90' lang='lat' dir='ltr'><strong>unum</strong></span> <span class='ocrx_word' id='word_1_144' title='bbox 656 1785 693 1823; x_wconf 88' lang='lat' dir='ltr'><strong>ex</strong></span> <span class='ocrx_word' id='word_1_145' title='bbox 713 1765 824 1823; x_wconf 74' lang='lat' dir='ltr'><strong>Grecis</strong></span> <span class='ocrx_word' id='word_1_146' title='bbox 845 1766 1002 1823; x_wconf 87' lang='lat' dir='ltr'><strong>comitibus</strong></span> <span class='ocrx_word' id='word_1_147' title='bbox 1015 1765 1075 1822; x_wconf 91' lang='lat' dir='ltr'><strong>suis</strong></span> <span class='ocrx_word' id='word_1_148' title='bbox 1089 1762 1250 1829; x_wconf 57' lang='lat' dir='ltr'><strong>collocaram</strong></span> 
     </span>
     <span class='ocr_line' id='line_1_19' title="bbox 271 1838 1251 1916; baseline -0.003 -19"><span class='ocrx_word' id='word_1_149' title='bbox 271 1842 441 1898; x_wconf 87' lang='lat' dir='ltr'><strong>Armeniam</strong></span> <span class='ocrx_word' id='word_1_150' title='bbox 463 1844 660 1915; x_wconf 87' lang='lat' dir='ltr'><strong>abstulerat,a</strong></span> <span class='ocrx_word' id='word_1_151' title='bbox 680 1854 783 1902; x_wconf 89' lang='lat' dir='ltr'><strong>senatu</strong></span> <span class='ocrx_word' id='word_1_152' title='bbox 804 1844 909 1902; x_wconf 89' lang='lat' dir='ltr'><strong>datam.</strong></span> <span class='ocrx_word' id='word_1_153' title='bbox 951 1845 1029 1902; x_wconf 78' lang='lat' dir='ltr'><strong>Hac</strong></span> <span class='ocrx_word' id='word_1_154' title='bbox 1049 1844 1129 1901; x_wconf 85' lang='lat' dir='ltr'><strong>rivus</strong></span> <span class='ocrx_word' id='word_1_155' title='bbox 1148 1838 1251 1916; x_wconf 88' lang='lat' dir='ltr'><strong>eripuit,</strong></span> 
     </span>
     <span class='ocr_line' id='line_1_20' title="bbox 270 1919 1355 1979; baseline 0.004 -4"><span class='ocrx_word' id='word_1_156' title='bbox 270 1919 397 1977; x_wconf 89' lang='lat' dir='ltr'><strong>reddidit</strong></span> <span class='ocrx_word' id='word_1_157' title='bbox 409 1931 545 1979; x_wconf 92' lang='lat' dir='ltr'><strong>mortuus.</strong></span> <span class='ocrx_word' id='word_1_158' title='bbox 1354 1974 1355 1979; x_wconf 73' lang='grc'>,</span> 
     </span>
     <span class='ocr_line' id='line_1_21' title="bbox 219 1993 1250 2079; baseline -0.005 -22"><span class='ocrx_word' id='word_1_159' title='bbox 219 2003 255 2057; x_wconf 71' lang='grc'><strong>20</strong></span> <span class='ocrx_word' id='word_1_160' title='bbox 311 1999 352 2055; x_wconf 89' lang='lat' dir='ltr'><strong>At</strong></span> <span class='ocrx_word' id='word_1_161' title='bbox 378 1999 481 2074; x_wconf 91' lang='lat' dir='ltr'><strong>quibus</strong></span> <span class='ocrx_word' id='word_1_162' title='bbox 508 2000 624 2058; x_wconf 80' lang='lat' dir='ltr'><strong>verbisl</strong></span> <span class='ocrx_word' id='word_1_163' title='bbox 658 1999 745 2058; x_wconf 78' lang='lat' dir='ltr'><strong>modo</strong></span> <span class='ocrx_word' id='word_1_164' title='bbox 773 2003 934 2079; x_wconf 69' lang='lat' dir='ltr'><strong>“aequum&#39;&#39;</strong></span> <span class='ocrx_word' id='word_1_165' title='bbox 964 2001 1022 2060; x_wconf 89' lang='lat' dir='ltr'><strong>sibi</strong></span> <span class='ocrx_word' id='word_1_166' title='bbox 1048 1999 1147 2070; x_wconf 84' lang='lat' dir='ltr'><strong>rideri,</strong></span> <span class='ocrx_word' id='word_1_167' title='bbox 1173 1993 1250 2055; x_wconf 82' lang='lat' dir='ltr'><strong>modd</strong></span> 
     </span>
     <span class='ocr_line' id='line_1_22' title="bbox 271 2079 1355 2157; baseline -0.002 -23"><span class='ocrx_word' id='word_1_168' title='bbox 271 2084 360 2135; x_wconf 91' lang='lat' dir='ltr'><strong>“non</strong></span> <span class='ocrx_word' id='word_1_169' title='bbox 381 2079 539 2155; x_wconf 90' lang='lat' dir='ltr'><strong>iniquum.”</strong></span> <span class='ocrx_word' id='word_1_170' title='bbox 582 2079 659 2138; x_wconf 89' lang='lat' dir='ltr'><strong>Mira</strong></span> <span class='ocrx_word' id='word_1_171' title='bbox 672 2081 823 2138; x_wconf 87' lang='lat' dir='ltr'><strong>verborum</strong></span> <span class='ocrx_word' id='word_1_172' title='bbox 845 2081 1018 2157; x_wconf 82' lang='lat' dir='ltr'><strong>complexio!</strong></span> <span class='ocrx_word' id='word_1_173' title='bbox 1063 2082 1103 2137; x_wconf 84' lang='lat' dir='ltr'><strong>At</strong></span> <span class='ocrx_word' id='word_1_174' title='bbox 1124 2079 1168 2136; x_wconf 90' lang='lat' dir='ltr'><strong>ille</strong></span> <span class='ocrx_word' id='word_1_175' title='bbox 1187 2094 1252 2134; x_wconf 89' lang='lat' dir='ltr'><strong>nuu-</strong></span> <span class='ocrx_word' id='word_1_176' title='bbox 1354 2130 1355 2139; x_wconf 68' lang='grc'>,</span> 
     </span>
     <span class='ocr_line' id='line_1_23' title="bbox 270 2153 1355 2238; baseline -0.005 -24"><span class='ocrx_word' id='word_1_177' title='bbox 270 2176 355 2233; x_wconf 90' lang='lat' dir='ltr'><strong>quam</strong></span> <span class='ocrx_word' id='word_1_178' title='bbox 378 2156 504 2236; x_wconf 89' lang='lat' dir='ltr'><strong>(semper</strong></span> <span class='ocrx_word' id='word_1_179' title='bbox 524 2159 603 2219; x_wconf 89' lang='lat' dir='ltr'><strong>enim</strong></span> <span class='ocrx_word' id='word_1_180' title='bbox 625 2159 737 2218; x_wconf 87' lang='lat' dir='ltr'><strong>absenti</strong></span> <span class='ocrx_word' id='word_1_181' title='bbox 759 2160 825 2219; x_wconf 82' lang='lat' dir='ltr'><strong>affui</strong></span> <span class='ocrx_word' id='word_1_182' title='bbox 847 2160 999 2238; x_wconf 87' lang='lat' dir='ltr'><strong>Deiotaro)</strong></span> <span class='ocrx_word' id='word_1_183' title='bbox 1021 2160 1174 2237; x_wconf 89' lang='lat' dir='ltr'><strong>quidquam</strong></span> <span class='ocrx_word' id='word_1_184' title='bbox 1193 2153 1251 2224; x_wconf 85' lang='lat' dir='ltr'><strong>sibi,</strong></span> <span class='ocrx_word' id='word_1_185' title='bbox 1354 2154 1355 2159; x_wconf 75' lang='grc'>’</span> 
     </span>
     <span class='ocr_line' id='line_1_24' title="bbox 269 2236 1252 2317; baseline -0.004 -23"><span class='ocrx_word' id='word_1_186' title='bbox 269 2238 344 2312; x_wconf 92' lang='lat' dir='ltr'><strong>quod</strong></span> <span class='ocrx_word' id='word_1_187' title='bbox 360 2258 412 2297; x_wconf 91' lang='lat' dir='ltr'><strong>nos</strong></span> <span class='ocrx_word' id='word_1_188' title='bbox 433 2259 484 2314; x_wconf 94' lang='lat' dir='ltr'><strong>pro</strong></span> <span class='ocrx_word' id='word_1_189' title='bbox 506 2241 554 2298; x_wconf 94' lang='lat' dir='ltr'><strong>illo</strong></span> <span class='ocrx_word' id='word_1_190' title='bbox 574 2240 793 2317; x_wconf 86' lang='lat' dir='ltr'><strong>postularemus,</strong></span> <span class='ocrx_word' id='word_1_191' title='bbox 808 2259 921 2316; x_wconf 82' lang='lat' dir='ltr'><strong>aequum</strong></span> <span class='ocrx_word' id='word_1_192' title='bbox 943 2240 1018 2297; x_wconf 84' lang='lat' dir='ltr'><strong>dixit</strong></span> <span class='ocrx_word' id='word_1_193' title='bbox 1043 2238 1140 2296; x_wconf 89' lang='lat' dir='ltr'><strong>videri.</strong></span> <span class='ocrx_word' id='word_1_194' title='bbox 1187 2236 1252 2310; x_wconf 82' lang='lat' dir='ltr'><strong>Syn·</strong></span> 
     </span>
     <span class='ocr_line' id='line_1_25' title="bbox 269 2315 1252 2395; baseline -0.006 -22"><span class='ocrx_word' id='word_1_195' title='bbox 269 2316 379 2392; x_wconf 86' lang='lat' dir='ltr'><strong>grapha</strong></span> <span class='ocrx_word' id='word_1_196' title='bbox 399 2317 453 2375; x_wconf 84' lang='lat' dir='ltr'><strong>HS</strong></span> <span class='ocrx_word' id='word_1_197' title='bbox 474 2320 585 2377; x_wconf 84' lang='lat' dir='ltr'><strong>centies</strong></span> <span class='ocrx_word' id='word_1_198' title='bbox 605 2339 655 2395; x_wconf 90' lang='lat' dir='ltr'><strong>per</strong></span> <span class='ocrx_word' id='word_1_199' title='bbox 677 2319 796 2395; x_wconf 87' lang='lat' dir='ltr'><strong>legatos,</strong></span> <span class='ocrx_word' id='word_1_200' title='bbox 812 2320 885 2376; x_wconf 87' lang='lat' dir='ltr'><strong>viros</strong></span> <span class='ocrx_word' id='word_1_201' title='bbox 906 2319 1008 2389; x_wconf 88' lang='lat' dir='ltr'><strong>bonos,</strong></span> <span class='ocrx_word' id='word_1_202' title='bbox 1028 2319 1079 2376; x_wconf 90' lang='lat' dir='ltr'><strong>sed</strong></span> <span class='ocrx_word' id='word_1_203' title='bbox 1100 2315 1209 2374; x_wconf 89' lang='lat' dir='ltr'><strong>timidos</strong></span> <span class='ocrx_word' id='word_1_204' title='bbox 1226 2320 1252 2368; x_wconf 90' lang='lat' dir='ltr'><strong>et</strong></span> 
     </span>
     <span class='ocr_line' id='line_1_26' title="bbox 219 2394 1251 2474; baseline -0.004 -24"><span class='ocrx_word' id='word_1_205' title='bbox 219 2403 255 2457; x_wconf 77' lang='lat'><strong>25</strong></span> <span class='ocrx_word' id='word_1_206' title='bbox 270 2394 426 2470; x_wconf 89' lang='lat' dir='ltr'><strong>imperitos,</strong></span> <span class='ocrx_word' id='word_1_207' title='bbox 446 2397 509 2454; x_wconf 85' lang='lat' dir='ltr'><strong>sine</strong></span> <span class='ocrx_word' id='word_1_208' title='bbox 530 2398 636 2468; x_wconf 74' lang='lat' dir='ltr'><strong>nostrai,</strong></span> <span class='ocrx_word' id='word_1_209' title='bbox 658 2398 721 2455; x_wconf 92' lang='lat' dir='ltr'><strong>sine</strong></span> <span class='ocrx_word' id='word_1_210' title='bbox 741 2398 914 2473; x_wconf 89' lang='lat' dir='ltr'><strong>reliquorum</strong></span> <span class='ocrx_word' id='word_1_211' title='bbox 935 2398 1082 2474; x_wconf 87' lang='lat' dir='ltr'><strong>hospitum</strong></span> <span class='ocrx_word' id='word_1_212' title='bbox 1102 2395 1175 2471; x_wconf 86' lang='lat' dir='ltr'><strong>regis</strong></span> <span class='ocrx_word' id='word_1_213' title='bbox 1194 2410 1251 2447; x_wconf 87' lang='lat' dir='ltr'><strong>seu·</strong></span> 
     </span>
     <span class='ocr_line' id='line_1_27' title="bbox 269 2469 1249 2553; baseline -0.003 -25"><span class='ocrx_word' id='word_1_214' title='bbox 269 2474 369 2543; x_wconf 72' lang='lat' dir='ltr'><strong>tentia,</strong></span> <span class='ocrx_word' id='word_1_215' title='bbox 386 2473 461 2531; x_wconf 85' lang='lat' dir='ltr'><strong>sacta</strong></span> <span class='ocrx_word' id='word_1_216' title='bbox 476 2476 504 2531; x_wconf 91' lang='lat' dir='ltr'><strong>in</strong></span> <span class='ocrx_word' id='word_1_217' title='bbox 519 2494 676 2551; x_wconf 79' lang='lat' dir='ltr'><strong>gynaeceo:</strong></span> <span class='ocrx_word' id='word_1_218' title='bbox 698 2496 755 2553; x_wconf 93' lang='lat' dir='ltr'><strong>quo</strong></span> <span class='ocrx_word' id='word_1_219' title='bbox 772 2476 801 2534; x_wconf 89' lang='lat' dir='ltr'><strong>irt</strong></span> <span class='ocrx_word' id='word_1_220' title='bbox 825 2476 891 2534; x_wconf 90' lang='lat' dir='ltr'><strong>loco</strong></span> <span class='ocrx_word' id='word_1_221' title='bbox 911 2475 1044 2552; x_wconf 82' lang='lat' dir='ltr'><strong>plurimae</strong></span> <span class='ocrx_word' id='word_1_222' title='bbox 1065 2495 1111 2534; x_wconf 91' lang='lat' dir='ltr'><strong>res</strong></span> <span class='ocrx_word' id='word_1_223' title='bbox 1133 2469 1249 2538; x_wconf 71' lang='lat' dir='ltr'><strong>veniere,</strong></span> 
     </span>
     <span class='ocr_line' id='line_1_28' title="bbox 268 2551 1249 2637; baseline -0.002 -31"><span class='ocrx_word' id='word_1_224' title='bbox 268 2560 297 2606; x_wconf 91' lang='lat' dir='ltr'><strong>et</strong></span> <span class='ocrx_word' id='word_1_225' title='bbox 311 2561 445 2609; x_wconf 89' lang='lat' dir='ltr'><strong>veneunt.</strong></span> <span class='ocrx_word' id='word_1_226' title='bbox 482 2552 558 2615; x_wconf 61' lang='lat' dir='ltr'><strong>,Qua</strong></span> <span class='ocrx_word' id='word_1_227' title='bbox 579 2574 615 2613; x_wconf 82' lang='lat' dir='ltr'><strong>ex</strong></span> <span class='ocrx_word' id='word_1_228' title='bbox 634 2556 799 2632; x_wconf 71' lang='lat' dir='ltr'><strong>syngrapha</strong></span> <span class='ocrx_word' id='word_1_229' title='bbox 820 2556 889 2631; x_wconf 93' lang='lat' dir='ltr'><strong>quid</strong></span> <span class='ocrx_word' id='word_1_230' title='bbox 910 2555 950 2612; x_wconf 89' lang='lat' dir='ltr'><strong>sis</strong></span> <span class='ocrx_word' id='word_1_231' title='bbox 969 2568 1098 2625; x_wconf 90' lang='lat' dir='ltr'><strong>acturus,</strong></span> <span class='ocrx_word' id='word_1_232' title='bbox 1113 2551 1249 2637; x_wconf 74' lang='lat' dir='ltr'><strong>meditere,</strong></span> 
     </span>
     <span class='ocr_line' id='line_1_29' title="bbox 268 2630 1250 2711; baseline -0.003 -27"><span class='ocrx_word' id='word_1_233' title='bbox 268 2647 382 2687; x_wconf 89' lang='lat' dir='ltr'><strong>censeo.</strong></span> <span class='ocrx_word' id='word_1_234' title='bbox 432 2630 500 2688; x_wconf 86' lang='lat' dir='ltr'><strong>Rex</strong></span> <span class='ocrx_word' id='word_1_235' title='bbox 523 2632 601 2689; x_wconf 91' lang='lat' dir='ltr'><strong>enim</strong></span> <span class='ocrx_word' id='word_1_236' title='bbox 622 2633 692 2709; x_wconf 88' lang='lat' dir='ltr'><strong>ipse,</strong></span> <span class='ocrx_word' id='word_1_237' title='bbox 715 2634 768 2691; x_wconf 71' lang='lat' dir='ltr'><strong>sud</strong></span> <span class='ocrx_word' id='word_1_238' title='bbox 791 2645 902 2711; x_wconf 88' lang='lat' dir='ltr'><strong>sponte,</strong></span> <span class='ocrx_word' id='word_1_239' title='bbox 926 2634 1013 2691; x_wconf 92' lang='lat' dir='ltr'><strong>nullis</strong></span> <span class='ocrx_word' id='word_1_240' title='bbox 1047 2639 1250 2691; x_wconf 82' lang='lat' dir='ltr'><strong>commentatus</strong></span> 
     </span>
     <span class='ocr_line' id='line_1_30' title="bbox 268 2707 1250 2789; baseline 0.002 -27"><span class='ocrx_word' id='word_1_241' title='bbox 268 2707 401 2778; x_wconf 78' lang='lat' dir='ltr'><strong>Oaesaris,</strong></span> <span class='ocrx_word' id='word_1_242' title='bbox 416 2708 500 2767; x_wconf 90' lang='lat' dir='ltr'><strong>simul</strong></span> <span class='ocrx_word' id='word_1_243' title='bbox 526 2721 610 2787; x_wconf 90' lang='lat' dir='ltr'><strong>atque</strong></span> <span class='ocrx_word' id='word_1_244' title='bbox 635 2712 743 2770; x_wconf 86' lang='lat' dir='ltr'><strong>audivit</strong></span> <span class='ocrx_word' id='word_1_245' title='bbox 765 2712 828 2789; x_wconf 84' lang='lat' dir='ltr'><strong>ejus</strong></span> <span class='ocrx_word' id='word_1_246' title='bbox 848 2712 1005 2783; x_wconf 89' lang='lat' dir='ltr'><strong>interitum,</strong></span> <span class='ocrx_word' id='word_1_247' title='bbox 1025 2709 1088 2770; x_wconf 86' lang='lat' dir='ltr'><strong>suo</strong></span> <span class='ocrx_word' id='word_1_248' title='bbox 1100 2710 1190 2767; x_wconf 90' lang='lat' dir='ltr'><strong>Marte</strong></span> <span class='ocrx_word' id='word_1_249' title='bbox 1210 2723 1250 2761; x_wconf 81' lang='lat' dir='ltr'><strong>res</strong></span> 
     </span>
     <span class='ocr_line' id='line_1_31' title="bbox 218 2786 1249 2867; baseline -0.004 -20"><span class='ocrx_word' id='word_1_250' title='bbox 218 2793 253 2847; x_wconf 87' lang='grc'><strong>30</strong></span> <span class='ocrx_word' id='word_1_251' title='bbox 268 2804 335 2842; x_wconf 89' lang='lat' dir='ltr'><strong>suas</strong></span> <span class='ocrx_word' id='word_1_252' title='bbox 359 2791 552 2864; x_wconf 80' lang='lat' dir='ltr'><strong>recuperarit,</strong></span> <span class='ocrx_word' id='word_1_253' title='bbox 596 2792 725 2862; x_wconf 88' lang='lat' dir='ltr'><strong>Sciebat,</strong></span> <span class='ocrx_word' id='word_1_254' title='bbox 748 2793 835 2850; x_wconf 93' lang='lat' dir='ltr'><strong>homo</strong></span> <span class='ocrx_word' id='word_1_255' title='bbox 855 2791 980 2867; x_wconf 87' lang='lat' dir='ltr'><strong>sapiens,</strong></span> <span class='ocrx_word' id='word_1_256' title='bbox 1001 2792 1050 2867; x_wconf 85' lang='lat' dir='ltr'><strong>jus</strong></span> <span class='ocrx_word' id='word_1_257' title='bbox 1071 2806 1180 2864; x_wconf 87' lang='lat' dir='ltr'><strong>semper</strong></span> <span class='ocrx_word' id='word_1_258' title='bbox 1200 2786 1249 2841; x_wconf 78' lang='lat' dir='ltr'><strong>hoc</strong></span> 
     </span>
     <span class='ocr_line' id='line_1_32' title="bbox 267 2862 1248 2946; baseline -0.003 -25"><span class='ocrx_word' id='word_1_259' title='bbox 267 2864 365 2936; x_wconf 82' lang='lat' dir='ltr'><strong>fuisse,</strong></span> <span class='ocrx_word' id='word_1_260' title='bbox 382 2878 421 2937; x_wconf 89' lang='lat' dir='ltr'><strong>ut,</strong></span> <span class='ocrx_word' id='word_1_261' title='bbox 441 2887 504 2943; x_wconf 80' lang='lat' dir='ltr'><strong>quae</strong></span> <span class='ocrx_word' id='word_1_262' title='bbox 525 2870 639 2944; x_wconf 86' lang='lat' dir='ltr'><strong>tyranni</strong></span> <span class='ocrx_word' id='word_1_263' title='bbox 664 2870 846 2946; x_wconf 87' lang='lat' dir='ltr'><strong>eripuissent,</strong></span> <span class='ocrx_word' id='word_1_264' title='bbox 868 2889 914 2941; x_wconf 86' lang='lat' dir='ltr'><strong>ea,</strong></span> <span class='ocrx_word' id='word_1_265' title='bbox 935 2871 1067 2945; x_wconf 88' lang='lat' dir='ltr'><strong>tyrannis</strong></span> <span class='ocrx_word' id='word_1_266' title='bbox 1091 2862 1248 2931; x_wconf 83' lang='lat' dir='ltr'><strong>intersectis,</strong></span> 
     </span>
    </p>
   </div>
   <div class='ocr_carea' id='block_1_3' title="bbox 268 2942 1353 3026">
    <p class='ocr_par' dir='ltr' id='par_1_4' title="bbox 268 2942 1353 3026">
     <span class='ocr_line' id='line_1_33' title="bbox 268 2942 1353 3026; baseline -0.004 -25"><span class='ocrx_word' id='word_1_267' title='bbox 268 2942 297 3014; x_wconf 92' lang='lat' dir='ltr'><strong>ii,</strong></span> <span class='ocrx_word' id='word_1_268' title='bbox 312 2944 415 3019; x_wconf 90' lang='lat' dir='ltr'><strong>quibus</strong></span> <span class='ocrx_word' id='word_1_269' title='bbox 429 2960 527 3022; x_wconf 88' lang='lat' dir='ltr'><strong>erepta</strong></span> <span class='ocrx_word' id='word_1_270' title='bbox 541 2959 647 3020; x_wconf 79' lang='lat' dir='ltr'><strong>essent,</strong></span> <span class='ocrx_word' id='word_1_271' title='bbox 662 2959 874 3025; x_wconf 87' lang='lat' dir='ltr'><strong>recuperarent.</strong></span> <span class='ocrx_word' id='word_1_272' title='bbox 915 2947 1012 3006; x_wconf 89' lang='lat' dir='ltr'><strong>Nemo</strong></span> <span class='ocrx_word' id='word_1_273' title='bbox 1026 2949 1113 3026; x_wconf 84' lang='lat' dir='ltr'><strong>igitur</strong></span> <span class='ocrx_word' id='word_1_274' title='bbox 1126 2945 1249 3021; x_wconf 89' lang='lat' dir='ltr'><strong>jurecon·</strong></span> <span class='ocrx_word' id='word_1_275' title='bbox 1352 2969 1353 2974; x_wconf 14' lang='grc' dir='ltr'><strong>κ</strong></span> 
     </span>
    </p>
   </div>
   <div class='ocr_carea' id='block_1_4' title="bbox 217 3023 1248 3340">
    <p class='ocr_par' dir='ltr' id='par_1_5' title="bbox 217 3023 1248 3340">
     <span class='ocr_line' id='line_1_34' title="bbox 267 3023 1248 3102; baseline 0 -23"><span class='ocrx_word' id='word_1_276' title='bbox 267 3023 369 3095; x_wconf 91' lang='lat' dir='ltr'><strong>sultus,</strong></span> <span class='ocrx_word' id='word_1_277' title='bbox 390 3044 427 3082; x_wconf 89' lang='lat' dir='ltr'><strong>ne</strong></span> <span class='ocrx_word' id='word_1_278' title='bbox 450 3026 503 3083; x_wconf 87' lang='lat' dir='ltr'><strong>iste</strong></span> <span class='ocrx_word' id='word_1_279' title='bbox 524 3027 650 3102; x_wconf 89' lang='lat' dir='ltr'><strong>quidem,</strong></span> <span class='ocrx_word' id='word_1_280' title='bbox 671 3027 721 3102; x_wconf 91' lang='lat' dir='ltr'><strong>qui</strong></span> <span class='ocrx_word' id='word_1_281' title='bbox 745 3028 797 3085; x_wconf 91' lang='lat' dir='ltr'><strong>tibi</strong></span> <span class='ocrx_word' id='word_1_282' title='bbox 816 3029 868 3085; x_wconf 89' lang='lat' dir='ltr'><strong>uni</strong></span> <span class='ocrx_word' id='word_1_283' title='bbox 894 3037 938 3085; x_wconf 89' lang='lat' dir='ltr'><strong>est</strong></span> <span class='ocrx_word' id='word_1_284' title='bbox 961 3025 1182 3102; x_wconf 87' lang='lat' dir='ltr'><strong>jureconsultus,</strong></span> <span class='ocrx_word' id='word_1_285' title='bbox 1204 3036 1248 3095; x_wconf 85' lang='lat' dir='ltr'><strong>pet</strong></span> 
     </span>
     <span class='ocr_line' id='line_1_35' title="bbox 266 3098 1248 3187; baseline -0.005 -29"><span class='ocrx_word' id='word_1_286' title='bbox 266 3122 350 3177; x_wconf 89' lang='lat' dir='ltr'><strong>quem</strong></span> <span class='ocrx_word' id='word_1_287' title='bbox 366 3104 429 3161; x_wconf 83' lang='lat' dir='ltr'><strong>haec</strong></span> <span class='ocrx_word' id='word_1_288' title='bbox 444 3104 515 3180; x_wconf 85' lang='lat' dir='ltr'><strong>agis,</strong></span> <span class='ocrx_word' id='word_1_289' title='bbox 529 3124 566 3162; x_wconf 87' lang='lat' dir='ltr'><strong>ex</strong></span> <span class='ocrx_word' id='word_1_290' title='bbox 581 3106 634 3162; x_wconf 80' lang='lat' dir='ltr'><strong>istri</strong></span> <span class='ocrx_word' id='word_1_291' title='bbox 648 3106 815 3182; x_wconf 67' lang='lat' dir='ltr'><strong>syngrapha</strong></span> <span class='ocrx_word' id='word_1_292' title='bbox 834 3106 933 3163; x_wconf 91' lang='lat' dir='ltr'><strong>deberi</strong></span> <span class='ocrx_word' id='word_1_293' title='bbox 957 3106 1029 3163; x_wconf 90' lang='lat' dir='ltr'><strong>dicit</strong></span> <span class='ocrx_word' id='word_1_294' title='bbox 1050 3125 1101 3182; x_wconf 92' lang='lat' dir='ltr'><strong>pro</strong></span> <span class='ocrx_word' id='word_1_295' title='bbox 1115 3103 1149 3160; x_wconf 90' lang='lat' dir='ltr'><strong>iis</strong></span> <span class='ocrx_word' id='word_1_296' title='bbox 1171 3098 1248 3187; x_wconf 82' lang='lat' dir='ltr'><strong>rebus</strong></span> 
     </span>
     <span class='ocr_line' id='line_1_36' title="bbox 217 3184 1246 3261; baseline -0.013 -18"><span class='ocrx_word' id='word_1_297' title='bbox 217 3188 253 3243; x_wconf 88' lang='grc'><strong>35</strong></span> <span class='ocrx_word' id='word_1_298' title='bbox 267 3200 330 3257; x_wconf 83' lang='lat' dir='ltr'><strong>quae</strong></span> <span class='ocrx_word' id='word_1_299' title='bbox 342 3193 425 3239; x_wconf 89' lang='lat' dir='ltr'><strong>erant</strong></span> <span class='ocrx_word' id='word_1_300' title='bbox 437 3194 503 3240; x_wconf 88' lang='lat' dir='ltr'><strong>ante</strong></span> <span class='ocrx_word' id='word_1_301' title='bbox 512 3186 705 3260; x_wconf 83' lang='lat' dir='ltr'><strong>syngrapham</strong></span> <span class='ocrx_word' id='word_1_302' title='bbox 720 3196 905 3261; x_wconf 74' lang='lat' dir='ltr'><strong>recuperatae.</strong></span> <span class='ocrx_word' id='word_1_303' title='bbox 926 3184 996 3243; x_wconf 89' lang='lat' dir='ltr'><strong>Nou</strong></span> <span class='ocrx_word' id='word_1_304' title='bbox 1007 3184 1085 3242; x_wconf 89' lang='lat' dir='ltr'><strong>euim</strong></span> <span class='ocrx_word' id='word_1_305' title='bbox 1101 3202 1117 3240; x_wconf 88' lang='lat' dir='ltr'><strong>a</strong></span> <span class='ocrx_word' id='word_1_306' title='bbox 1130 3191 1157 3238; x_wconf 89' lang='lat' dir='ltr'><strong>te</strong></span> <span class='ocrx_word' id='word_1_307' title='bbox 1167 3186 1246 3235; x_wconf 78' lang='lat' dir='ltr'><strong>emit:</strong></span> 
     </span>
     <span class='ocr_line' id='line_1_37' title="bbox 267 3254 1246 3340; baseline 0.003 -25"><span class='ocrx_word' id='word_1_308' title='bbox 267 3260 317 3316; x_wconf 83' lang='lat' dir='ltr'><strong>red</strong></span> <span class='ocrx_word' id='word_1_309' title='bbox 340 3258 430 3335; x_wconf 80' lang='lat' dir='ltr'><strong>priris,</strong></span> <span class='ocrx_word' id='word_1_310' title='bbox 444 3264 530 3337; x_wconf 75' lang='lat' dir='ltr'><strong>quam</strong></span> <span class='ocrx_word' id='word_1_311' title='bbox 546 3272 576 3319; x_wconf 91' lang='lat' dir='ltr'><strong>tu</strong></span> <span class='ocrx_word' id='word_1_312' title='bbox 600 3282 683 3320; x_wconf 88' lang='lat' dir='ltr'><strong>suum</strong></span> <span class='ocrx_word' id='word_1_313' title='bbox 704 3263 759 3320; x_wconf 91' lang='lat' dir='ltr'><strong>sibi</strong></span> <span class='ocrx_word' id='word_1_314' title='bbox 780 3264 930 3333; x_wconf 83' lang='lat' dir='ltr'><strong>tenderes,</strong></span> <span class='ocrx_word' id='word_1_315' title='bbox 946 3263 1007 3340; x_wconf 90' lang='lat' dir='ltr'><strong>ipse</strong></span> <span class='ocrx_word' id='word_1_316' title='bbox 1028 3261 1160 3339; x_wconf 89' lang='lat' dir='ltr'><strong>possedit.</strong></span> <span class='ocrx_word' id='word_1_317' title='bbox 1199 3254 1246 3311; x_wconf 69' lang='lat' dir='ltr'><strong>Ille</strong></span> 
     </span>
    </p>
   </div>
   <div class='ocr_carea' id='block_1_5' title="bbox 266 3336 1352 3419">
    <p class='ocr_par' dir='ltr' id='par_1_6' title="bbox 266 3336 1352 3419">
     <span class='ocr_line' id='line_1_38' title="bbox 266 3336 1352 3419; baseline 0.007 -24"><span class='ocrx_word' id='word_1_318' title='bbox 266 3338 308 3396; x_wconf 86' lang='lat' dir='ltr'><strong>vir</strong></span> <span class='ocrx_word' id='word_1_319' title='bbox 331 3339 400 3396; x_wconf 86' lang='lat' dir='ltr'><strong>fuit:</strong></span> <span class='ocrx_word' id='word_1_320' title='bbox 435 3358 487 3397; x_wconf 92' lang='lat' dir='ltr'><strong>nos</strong></span> <span class='ocrx_word' id='word_1_321' title='bbox 511 3340 627 3415; x_wconf 89' lang='lat' dir='ltr'><strong>quidem</strong></span> <span class='ocrx_word' id='word_1_322' title='bbox 649 3343 866 3415; x_wconf 89' lang='lat' dir='ltr'><strong>contemnendi,</strong></span> <span class='ocrx_word' id='word_1_323' title='bbox 887 3343 937 3419; x_wconf 93' lang='lat' dir='ltr'><strong>qui</strong></span> <span class='ocrx_word' id='word_1_324' title='bbox 966 3353 1114 3399; x_wconf 88' lang='lat' dir='ltr'><strong>auctorem</strong></span> <span class='ocrx_word' id='word_1_325' title='bbox 1133 3336 1246 3401; x_wconf 76' lang='lat' dir='ltr'><strong>odimus,</strong></span> <span class='ocrx_word' id='word_1_326' title='bbox 1351 3345 1352 3350; x_wconf 69' lang='grc'>’</span> 
     </span>
    </p>
   </div>
   <div class='ocr_carea' id='block_1_6' title="bbox 216 3416 1246 3732">
    <p class='ocr_par' dir='ltr' id='par_1_7' title="bbox 216 3416 1246 3732">
     <span class='ocr_line' id='line_1_39' title="bbox 267 3416 538 3476; baseline 0.004 -1"><span class='ocrx_word' id='word_1_327' title='bbox 267 3430 332 3475; x_wconf 86' lang='lat' dir='ltr'><strong>acta</strong></span> <span class='ocrx_word' id='word_1_328' title='bbox 346 3416 538 3476; x_wconf 84' lang='lat' dir='ltr'><strong>defendimus.</strong></span> 
     </span>
     <span class='ocr_line' id='line_1_40' title="bbox 305 3487 1245 3578; baseline -0.004 -24"><span class='ocrx_word' id='word_1_329' title='bbox 305 3496 485 3554; x_wconf 88' lang='lat' dir='ltr'>XXXVIII.</span> <span class='ocrx_word' id='word_1_330' title='bbox 524 3496 609 3559; x_wconf 76' lang='lat' dir='ltr'><strong>Quid</strong></span> <span class='ocrx_word' id='word_1_331' title='bbox 623 3517 678 3575; x_wconf 83' lang='lat' dir='ltr'><strong>ego</strong></span> <span class='ocrx_word' id='word_1_332' title='bbox 691 3498 728 3555; x_wconf 90' lang='lat' dir='ltr'><strong>da</strong></span> <span class='ocrx_word' id='word_1_333' title='bbox 750 3499 965 3557; x_wconf 88' lang='lat' dir='ltr'><strong>commentariis</strong></span> <span class='ocrx_word' id='word_1_334' title='bbox 986 3497 1116 3577; x_wconf 84' lang='lat' dir='ltr'><strong>infinitis,</strong></span> <span class='ocrx_word' id='word_1_335' title='bbox 1129 3487 1245 3578; x_wconf 65' lang='lat' dir='ltr'><strong>quidde</strong></span> 
     </span>
     <span class='ocr_line' id='line_1_41' title="bbox 216 3571 1246 3654; baseline -0.012 -21"><span class='ocrx_word' id='word_1_336' title='bbox 216 3580 252 3633; x_wconf 86' lang='grc'><strong>40</strong></span> <span class='ocrx_word' id='word_1_337' title='bbox 266 3574 524 3633; x_wconf 91' lang='lat' dir='ltr'><strong>innumerabilibus</strong></span> <span class='ocrx_word' id='word_1_338' title='bbox 550 3576 758 3653; x_wconf 85' lang='lat' dir='ltr'><strong>chirographis,</strong></span> <span class='ocrx_word' id='word_1_339' title='bbox 780 3579 899 3654; x_wconf 83' lang='lat' dir='ltr'><strong>loquarl</strong></span> <span class='ocrx_word' id='word_1_340' title='bbox 918 3596 1039 3654; x_wconf 89' lang='lat' dir='ltr'><strong>quorum</strong></span> <span class='ocrx_word' id='word_1_341' title='bbox 1059 3576 1144 3634; x_wconf 89' lang='lat' dir='ltr'><strong>etiam</strong></span> <span class='ocrx_word' id='word_1_342' title='bbox 1164 3571 1246 3628; x_wconf 79' lang='lat' dir='ltr'><strong>imita·</strong></span> 
     </span>
     <span class='ocr_line' id='line_1_42' title="bbox 266 3651 1245 3732; baseline -0.009 -23"><span class='ocrx_word' id='word_1_343' title='bbox 266 3662 340 3710; x_wconf 90' lang='lat' dir='ltr'><strong>tores</strong></span> <span class='ocrx_word' id='word_1_344' title='bbox 354 3665 431 3724; x_wconf 85' lang='lat' dir='ltr'><strong>sunt,</strong></span> <span class='ocrx_word' id='word_1_345' title='bbox 445 3655 494 3729; x_wconf 91' lang='lat' dir='ltr'><strong>qui</strong></span> <span class='ocrx_word' id='word_1_346' title='bbox 508 3674 553 3725; x_wconf 88' lang='lat' dir='ltr'><strong>ea,</strong></span> <span class='ocrx_word' id='word_1_347' title='bbox 568 3664 704 3731; x_wconf 89' lang='lat' dir='ltr'><strong>tanquam</strong></span> <span class='ocrx_word' id='word_1_348' title='bbox 725 3658 915 3732; x_wconf 86' lang='lat' dir='ltr'><strong>gladiatorum</strong></span> <span class='ocrx_word' id='word_1_349' title='bbox 936 3657 1057 3727; x_wconf 90' lang='lat' dir='ltr'><strong>libellos,</strong></span> <span class='ocrx_word' id='word_1_350' title='bbox 1070 3651 1163 3731; x_wconf 70' lang='lat' dir='ltr'><strong>palam</strong></span> <span class='ocrx_word' id='word_1_351' title='bbox 1187 3663 1245 3701; x_wconf 84' lang='lat' dir='ltr'><strong>ten·</strong></span> 
     </span>
    </p>
   </div>
   <div class='ocr_carea' id='block_1_7' title="bbox 266 3731 1351 3824">
    <p class='ocr_par' dir='ltr' id='par_1_8' title="bbox 266 3731 1351 3824">
     <span class='ocr_line' id='line_1_43' title="bbox 266 3731 1351 3824; baseline -0.006 -37"><span class='ocrx_word' id='word_1_352' title='bbox 266 3731 366 3789; x_wconf 90' lang='lat' dir='ltr'><strong>ditent.</strong></span> <span class='ocrx_word' id='word_1_353' title='bbox 409 3732 509 3807; x_wconf 88' lang='lat' dir='ltr'><strong>ltaque</strong></span> <span class='ocrx_word' id='word_1_354' title='bbox 524 3734 595 3790; x_wconf 88' lang='lat' dir='ltr'><strong>tanti</strong></span> <span class='ocrx_word' id='word_1_355' title='bbox 612 3735 707 3791; x_wconf 89' lang='lat' dir='ltr'><strong>acervi</strong></span> <span class='ocrx_word' id='word_1_356' title='bbox 722 3755 902 3793; x_wconf 89' lang='lat' dir='ltr'><strong>nummorum</strong></span> <span class='ocrx_word' id='word_1_357' title='bbox 919 3736 994 3811; x_wconf 85' lang='lat' dir='ltr'><strong>apud</strong></span> <span class='ocrx_word' id='word_1_358' title='bbox 1017 3734 1102 3792; x_wconf 89' lang='lat' dir='ltr'><strong>istum</strong></span> <span class='ocrx_word' id='word_1_359' title='bbox 1127 3736 1245 3787; x_wconf 88' lang='lat' dir='ltr'><strong>consttu-</strong></span> <span class='ocrx_word' id='word_1_360' title='bbox 1350 3753 1351 3824; x_wconf 40' lang='lat' dir='ltr'><strong>p</strong></span> 
     </span>
    </p>
   </div>
   <div class='ocr_carea' id='block_1_8' title="bbox 265 3801 1245 3969">
    <p class='ocr_par' dir='ltr' id='par_1_9' title="bbox 265 3801 1245 3969">
     <span class='ocr_line' id='line_1_44' title="bbox 266 3801 1245 3889; baseline 0.001 -26"><span class='ocrx_word' id='word_1_361' title='bbox 266 3820 362 3878; x_wconf 89' lang='lat' dir='ltr'><strong>untur,</strong></span> <span class='ocrx_word' id='word_1_362' title='bbox 378 3820 408 3866; x_wconf 93' lang='lat' dir='ltr'><strong>ut</strong></span> <span class='ocrx_word' id='word_1_363' title='bbox 426 3812 486 3885; x_wconf 88' lang='lat' dir='ltr'><strong>jam</strong></span> <span class='ocrx_word' id='word_1_364' title='bbox 509 3813 718 3887; x_wconf 89' lang='lat' dir='ltr'><strong>appendantur,</strong></span> <span class='ocrx_word' id='word_1_365' title='bbox 733 3832 790 3871; x_wconf 91' lang='lat' dir='ltr'><strong>non</strong></span> <span class='ocrx_word' id='word_1_366' title='bbox 815 3825 1013 3886; x_wconf 88' lang='lat' dir='ltr'><strong>numerentur,</strong></span> <span class='ocrx_word' id='word_1_367' title='bbox 1027 3810 1164 3889; x_wconf 76' lang='lat' dir='ltr'><strong>pecuniae.</strong></span> <span class='ocrx_word' id='word_1_368' title='bbox 1210 3801 1245 3858; x_wconf 72' lang='lat' dir='ltr'><strong>Al</strong></span> 
     </span>
     <span class='ocr_line' id='line_1_45' title="bbox 265 3882 1244 3969; baseline 0 -32"><span class='ocrx_word' id='word_1_369' title='bbox 265 3882 351 3955; x_wconf 71' lang='lat' dir='ltr'><strong>quim</strong></span> <span class='ocrx_word' id='word_1_370' title='bbox 366 3905 445 3943; x_wconf 76' lang='lat' dir='ltr'><strong>caeca</strong></span> <span class='ocrx_word' id='word_1_371' title='bbox 460 3890 578 3947; x_wconf 85' lang='lat' dir='ltr'><strong>avaritia</strong></span> <span class='ocrx_word' id='word_1_372' title='bbox 591 3892 652 3948; x_wconf 89' lang='lat' dir='ltr'><strong>estl</strong></span> <span class='ocrx_word' id='word_1_373' title='bbox 688 3891 790 3969; x_wconf 89' lang='lat' dir='ltr'><strong>Nuper</strong></span> <span class='ocrx_word' id='word_1_374' title='bbox 804 3893 861 3951; x_wconf 84' lang='lat' dir='ltr'><strong>fixa</strong></span> <span class='ocrx_word' id='word_1_375' title='bbox 875 3894 974 3951; x_wconf 87' lang='lat' dir='ltr'><strong>tabula</strong></span> <span class='ocrx_word' id='word_1_376' title='bbox 986 3903 1041 3964; x_wconf 90' lang='lat' dir='ltr'><strong>est,</strong></span> <span class='ocrx_word' id='word_1_377' title='bbox 1055 3889 1111 3969; x_wconf 69' lang='lat' dir='ltr'><strong>qut</strong></span> <span class='ocrx_word' id='word_1_378' title='bbox 1125 3885 1244 3945; x_wconf 81' lang='lat' dir='ltr'><strong>civitates</strong></span> 
     </span>
    </p>
   </div>
   <div class='ocr_carea' id='block_1_9' title="bbox 0 0 1392 4425">
    <p class='ocr_par' dir='ltr' id='par_1_10' title="bbox 0 0 1392 4425">
     <span class='ocr_line' id='line_1_46' title="bbox 0 0 1392 4425; baseline 0 2"><span class='ocrx_word' id='word_1_379' title='bbox 0 0 1392 4425; x_wconf 95' lang='lat' dir='ltr'><strong> </strong></span> 
     </span>
    </p>
   </div>
  </div>
 </body>
</html>
