2775 4425
362 344 498 397 ORATIO
521 344 568 395 111.
591 346 629 396 IN
652 346 682 396 L.
705 345 919 397 CATILINAM.
1135 350 1178 409 21)

147 490 197 549 sed
212 489 270 547 ita:
293 508 346 552 our
361 508 425 561 siu,
439 508 480 547 ax
495 508 535 547 eo
549 508 637 552 ausu
651 508 692 547 An
707 509 747 547 re
761 509 839 563 nasi,
853 506 1036 548 coenosam.
1067 488 1128 549 Os·

147 586 198 640 au,
210 588 249 627 ur
262 587 313 625 vin
324 586 368 627 srs
380 588 388 638 ;
404 588 453 640 aa,
468 588 555 631 euers
568 588 600 627 uu
611 588 714 628 nocuis
725 588 770 627 sis
781 588 985 641 eaooaassus,
995 586 1125 639 cooma3

147 666 187 703 aa
209 666 293 718 vine,
308 666 383 709 auro
403 666 463 705 sarr
484 667 548 705 risi
567 668 615 706 sm
635 666 783 706 necessa.
824 649 924 718 Cosa,
938 666 980 706 ur
1000 664 1126 706 omniun

147 745 212 783 rrsr
224 744 348 783 numera
358 744 525 797 auruncus,
537 745 636 785 earnm
648 744 833 786 rnsruoauu.
867 726 1011 785 Gabinius
1020 726 1126 785 deinde

148 804 338 876 introductus,
353 804 421 863 cbm
437 804 530 881 primo
545 806 725 881 impudenter
741 807 913 886 respondere
931 805 1074 881 caepisset,
1089 805 1126 863 ad
1157 802 1176 856 5

147 894 307 942 extremum
321 884 402 954 nihil,
417 903 453 942 ex
466 884 502 941 iis
515 902 579 959 quae
592 884 669 943 Galli
684 884 899 955 insimulabant,
912 884 1037 960 negavit
1078 885 1128 942 Ac

147 962 218 1019 mihi
239 961 366 1035 quidem,
381 962 524 1033 Quirites,
538 961 607 1021 cim
627 963 677 1021 illa
697 964 858 1021 ceramium
877 972 945 1020 sunt
963 962 1025 1019 risa
1045 980 1129 1039 argu·

146 1052 246 1097 menta
260 1050 345 1114 atque
359 1041 468 1099 indicia
489 1042 616 1112 sceleris,
630 1042 753 1113 tabellae,
767 1043 860 1119 signa,
875 1060 988 1111 manus,
1001 1040 1127 1115 denique

146 1119 374 1194 uniuscujusque
389 1119 539 1191 consessio,
550 1130 611 1177 turn
625 1118 716 1178 multb
728 1122 778 1179 illa
789 1122 922 1192 certiora,
936 1120 1025 1191 color,
1038 1120 1126 1191 oculi,

146 1198 251 1267 vultus,
263 1198 452 1255 taciturnitas.
487 1198 539 1257 Sic
549 1199 626 1257 euim
639 1199 854 1276 obstupuerant,
865 1200 909 1257 sic
918 1212 1024 1257 terram
1035 1198 1127 1255 intuc-
1142 1199 1176 1252 10

146 1276 262 1345 bantur,
277 1276 321 1332 sic
335 1276 430 1334 surtirn
445 1296 649 1352 nonnunquam
674 1279 749 1336 inter
769 1298 801 1335 se
823 1278 1010 1355 aspiciebant,
1024 1286 1057 1335 ut
1069 1296 1127 1335 non

143 1354 205 1430 jam
221 1355 257 1411 ab
272 1355 335 1413 aliis
349 1355 481 1426 indicari,
496 1356 546 1413 sed
561 1356 691 1415 indicare
703 1374 735 1413 se
750 1357 813 1433 ipsi,
827 1358 1000 1415 viderentur.

186 1432 242 1490 VI.
282 1433 405 1491 Iudiciis
431 1435 564 1511 expositis
592 1444 677 1508 atque
704 1436 800 1505 editis,
825 1434 969 1505 Quirites,
996 1444 1128 1491 senatum

147 1512 347 1584 consului„de
368 1514 529 1571 summare
548 1513 666 1590 publici
685 1514 755 1587 quid
775 1513 837 1571 fieri
856 1514 992 1589 placeret.
1033 1512 1128 1570 Dictae

147 1602 216 1649 sunt
237 1609 253 1647 a
271 1591 449 1667 principibus
470 1594 617 1650 acerrimae
639 1610 674 1649 ac
697 1592 857 1649 fortissimae
877 1590 1037 1663 sententie,
1057 1610 1129 1665 quas
1143 1596 1178 1662 15

148 1682 266 1726 senatus
279 1670 342 1727 sine
354 1671 411 1727 ulle
422 1672 559 1729 varietate
573 1680 617 1729 est
630 1682 811 1729 consecutas.
846 1670 895 1742 Et,
909 1671 1044 1746 quoniam
1058 1689 1128 1729 uon·

148 1749 218 1805 dum
239 1759 283 1806 est
302 1749 489 1825 perscriptum
510 1749 810 1821 senatis-consultum,
824 1768 861 1807 ex
880 1750 1017 1808 memorii
1038 1749 1127 1820 vobis,

147 1827 291 1898 Quirites,
312 1828 380 1902 quid
401 1838 518 1887 senatus
542 1829 697 1899 censuerit,
716 1848 864 1925 exponam.
906 1826 1036 1887 Prirndm
1056 1828 1128 1885 mibi

148 1906 248 1983 gratiae
263 1907 356 1963 verbis
371 1907 552 1982 amplissimis
566 1919 699 1983 aguntur,
711 1909 789 1983 quod
802 1909 916 1978 virtute,
926 1908 1056 1978 consilio,
1066 1926 1128 1983 pro·

150 1984 276 2042 videntia
291 1986 366 2056 med,
381 1986 543 2061 respublica
555 1986 690 2061 periculis
701 1988 738 2043 sit
748 1986 881 2045 maximis
890 1987 1028 2045 liberata:
1049 1986 1129 2043 dein·
1141 1990 1178 2043 20

149 2065 186 2121 de
200 2064 233 2121 L.
249 2063 375 2122 Flaccus
389 2074 418 2122 et
431 2064 465 2122 C.
482 2065 659 2141 Pomptinus,
672 2076 817 2142 pretores,
830 2064 910 2139 qubd
930 2083 1030 2124 eorum
1042 2065 1129 2141 opera

149 2142 214 2200 forti
237 2143 370 2219 fidelique
391 2162 459 2200 usus
479 2162 581 2214 essem,
597 2142 699 2201 meritd
715 2162 751 2200 ac
768 2144 832 2220 jure
852 2144 1022 2209 laudantur:
1044 2152 1129 2217 atque

149 2223 236 2280 etiam
252 2223 311 2280 viro
326 2223 399 2293 lorti,
414 2223 531 2300 collegae
553 2242 627 2294 meo,
641 2223 705 2280 laus
725 2223 895 2298 impertitur,
909 2221 988 2297 qudd
1006 2241 1066 2292 eos,
1079 2221 1130 2295 qui

151 2302 235 2377 hujus
256 2301 460 2377 conjurationis
480 2302 633 2378 participes
657 2300 820 2371 fuissent,a
839 2301 899 2358 suis
918 2311 948 2359 et
965 2301 1130 2377 reipublice

150 2381 277 2438 consiliis
299 2382 471 2438 removisset
514 2382 612 2456 Atque
626 2381 666 2437 ita
679 2391 864 2451 censuerunt,
879 2391 912 2438 ut
931 2381 963 2438 P.
979 2380 1129 2451 Lentulus,
1143 2385 1180 2440 25

150 2458 216 2516 cum
238 2479 269 2516 se
289 2459 412 2535 praeturb
433 2460 604 2530 abdicasset,
632 2470 693 2516 tum
714 2459 744 2518 in
771 2461 931 2518 custodiam
951 2461 1129 2530 traderetur;

151 2538 276 2612 itemque
291 2536 332 2595 uti
344 2539 378 2596 G.
390 2539 547 2615 Cethegus,
559 2539 592 2596 L.
606 2539 747 2610 Statilius,
762 2539 788 2596 P.
807 2540 961 2611 Gabinius,
971 2540 1020 2615 qui
1030 2559 1131 2598 omnes

148 2627 304 2694 presentes
324 2627 415 2688 erant,
430 2619 459 2676 in
481 2619 641 2676 custodiam
661 2619 861 2678 traderentur:
883 2630 969 2694 atque
983 2619 1060 2678 idem
1074 2620 1130 2678 boc

151 2697 299 2753 decretum
313 2707 356 2754 est
377 2696 407 2754 in
428 2697 461 2754 L.
477 2696 621 2768 Cassium,
636 2697 686 2774 qui
704 2698 759 2755 sibi
778 2699 1008 2775 procurationem
1032 2699 1131 2756 incen-

150 2775 252 2833 dendae
267 2775 352 2832 Urbis
367 2776 588 2852 depoposcerat,
610 2777 640 2834 in
655 2775 697 2834 M.
712 2777 887 2853 Caeparium,
901 2777 960 2848 cui,
976 2778 1012 2834 ad
1026 2777 1131 2835 sollici·
1143 2785 1180 2839 30

150 2855 252 2911 tandos
274 2865 410 2929 pastores,
426 2855 562 2930 Apuliam
584 2875 647 2913 esse
672 2857 847 2926 attributam,
868 2866 931 2913 erat
951 2856 1129 2923 indicatum

151 2932 180 2990 in
195 2932 226 2989 P.
243 2931 374 3002 Furium,
389 2935 438 3008 qui
452 2944 496 2992 est
513 2953 549 2992 ex
569 2935 613 2992 bis
633 2935 752 3005 colonis,
767 2953 838 3008 quos
858 2933 980 2990 Fesulas
999 2933 1034 2989 L.
1048 2933 1132 2989 Sulla

150 3011 287 3080 deduxit3
310 3012 393 3087 inQ.
408 3011 552 3070 Manlium
566 3012 731 3080 Chilonem,
742 3012 802 3086 qui,
812 3011 871 3067 uni
881 3029 949 3067 cum
963 3011 1018 3066 hoc
1031 3010 1130 3080 Furio,

150 3109 262 3166 semper
286 3102 347 3147 erat
371 3091 399 3149 in
425 3093 479 3148 hac
500 3092 689 3166 Allobrogum
710 3089 911 3146 sollicitatione
933 3099 1079 3156 versatus;
1100 3088 1130 3144 in

151 3167 183 3226 P.
206 3169 395 3241 Umbrenum,
415 3170 581 3228 libertinum
603 3167 792 3238 hominem,a
811 3186 868 3242 quo
885 3165 1008 3243 primurn
1032 3167 1132 3224 Gallos
1145 3173 1182 3228 35

152 3248 188 3304 ad
211 3248 368 3319 Gabinium
393 3250 545 3325 perductos
565 3267 628 3305 esse
649 3248 806 3304 constabat.
849 3247 947 3320 Atque
960 3245 996 3303 etl
1014 3246 1133 3304 lenitate

151 3337 268 3384 senatus
283 3341 326 3384 est
341 3347 418 3398 usus,
432 3328 576 3397 Quirites,
588 3337 628 3397 ut,
640 3347 675 3384 ex
685 3327 767 3384 tanta
777 3325 984 3402 conjuratione,
995 3325 1133 3399 tantique

151 3406 177 3462 vi
201 3424 235 3462 ac
259 3407 442 3464 multitudine
467 3407 687 3464 domesticorum
711 3407 844 3479 bostium,
859 3424 959 3464 norem
984 3404 1133 3463 bominum

150 3485 406 3561 perditissimorum
417 3485 511 3560 poenb,
523 3485 670 3561 republica
682 3485 859 3555 conservati,
871 3485 1045 3557 reliquorum
1054 3501 1134 3538 men·

151 3573 194 3621 tes
209 3564 304 3621 sanari
319 3584 400 3640 posse
416 3565 609 3621 arbitraretur.
1147 3566 1183 3621 m

191 3643 289 3717 Atque
310 3643 397 3700 etiam
419 3643 588 3719 supplicatio
608 3642 673 3699 Diis
694 3641 911 3711 immortalibus,
925 3659 976 3715 pro
994 3639 1133 3716 singulari

151 3740 251 3778 eorum
266 3723 376 3792 merito,
392 3742 456 3780 meo
470 3723 585 3779 nomine
600 3722 718 3778 decreta
730 3732 783 3790 est,
797 3719 948 3787 Quirites3
969 3719 1044 3794 quod
1062 3719 1133 3776 mibi

151 3799 286 3876 primum,
300 3813 362 3877 post
383 3803 459 3858 hano
480 3802 581 3858 urbem
602 3799 757 3869 conditam,
772 3808 868 3874 togato
888 3797 1025 3874 contigit:
1046 3799 1134 3856 ethis

152 3880 271 3937 decreta
280 3880 374 3937 verbis
385 3892 437 3950 est,
450 3879 532 3942 sudo
547 3897 654 3938 uanam
669 3896 839 3948 incensus,
854 3895 942 3934 clane
957 3896 1055 3947 erres,
1066 3875 1134 3932 Ira·

391 3959 411 4011 3
425 3959 442 3992 i
