2775 4425
369 351 506 401 ORATIO
527 351 573 403 iv.
596 351 633 402 ΙΝ
657 352 687 401 L.
710 350 924 402 CATILINAM·
1153 360 1195 421 37

149 494 263 553 summit
284 494 436 553 severitate
456 506 593 554 versatur.
636 496 720 553 Alter
740 514 799 567 eos,
820 494 869 572 qui
889 514 942 553 uos
960 512 1071 566 omues,
1091 494 1142 585 qui

148 575 285 652 populum
307 574 484 645 Romanurn,
499 576 556 633 vin
577 575 688 651 privare
709 575 805 634 conati
825 584 902 646 suut,
916 594 966 650 qur
957 574 1097 631 ''delere
1090 592 1143 631 rru-

148 654 272 743 perium,
284 672 332 727 qur
325 654 442 747 populi
453 653 580 713 Rotnani
591 673 697 711 nomeu
711 654 905 743 exstinguere,
919 663 1058 729 punctum
1071 664 1142 711 tem·

149 734 226 808 poris
247 732 302 789 frui
317 732 385 802 vitri,
400 743 429 789 et
449 734 504 790 hoc
525 733 670 791 communi
691 733 803 808 spiritu,
817 751 874 791 uon
890 742 972 808 putat
992 742 1140 808 oportere3

71 883 74 888 .
151 822 237 885 atque
252 811 306 868 hoc
320 830 412 887 genus
426 830 516 887 poenae
530 831 605 889 saepe
627 812 656 869 iu
678 811 860 889 improbos
835 830 913 869 cives
926 810 956 868 iu
971 811 1142 887 bacrepub-
1175 809 1194 863 5

150 890 209 946 lica
229 908 292 947 esse
313 900 480 965 usurpatum
502 891 676 949 recordatur.
718 891 803 947 Alter
823 889 968 967 intelligit,
982 901 1103 947 mortem
1123 908 1142 949 a

149 968 216 1025 Diis
230 968 439 1027 immortalibus
459 988 518 1027 nou
539 988 602 1028 esse
623 968 757 1045 supplicii
778 968 867 1027 causi
881 968 1076 1040 constitutam,
1090 968 1141 1027 scd

150 1056 200 1103 aut
213 1047 417 1105 necessitatem
431 1057 551 1119 naturae,
567 1057 617 1105 aut
629 1046 759 1105 laborum
775 1066 810 1105 ac
823 1047 1004 1105 miseriarum
1014 1046 1141 1123 quietem

148 1144 221 1181 esse.
257 1124 359 1200 Itaque
370 1144 435 1183 eam
445 1126 589 1202 sapientes
599 1144 747 1221 nunquam
762 1124 854 1197 inriti,
863 1125 950 1185 fortes
963 1126 1051 1183 etiam
1065 1144 1141 1221 sepo

148 1203 272 1260 libenter
275 1204 501 1279 ,oppetiverunt
543 1205 670 1264 Vincula
684 1201 763 1275 verb,
776 1214 806 1261 et
819 1223 854 1262 oa
867 1205 1050 1282 sempiterna,
1059 1203 1139 1263 certe
1159 1205 1193 1259 10

149 1282 186 1339 ed
198 1282 373 1357 smgularem
382 1302 496 1358 poenam
505 1283 607 1341 nefaru
617 1283 751 1342 sceleris
744 1293 944 1341 ruventasunt
986 1282 1141 1374 Municipi-

148 1360 173 1415 is
188 1360 331 1436 dispertiri
343 1360 433 1435 J'ubet.
475 1362 593 1420 Habere
603 1362 735 1419 videtur
729 1372 783 1419 ista
797 1382 842 1419 res
856 1362 1080 1436 iniquitatem,si
1090 1363 1142 1419 irn-

147 1457 250 1514 perare
271 1439 358 1508 velis;
381 1439 591 1511 difficultatem,
605 1441 629 1497 si
647 1459 757 1517 rogare.
798 1439 980 1498 Decernatur
994 1451 1101 1511 tamen,
1115 1441 1141 1499 si

147 1518 253 1591 placet.
295 1517 359 1595 Ego
378 1519 456 1575 enim
477 1520 643 1595 suscipiam,
658 1530 697 1589 et,
712 1528 744 1575 ut
763 1538 855 1595 spero,
870 1518 1022 1595 reperiam,
1035 1519 1084 1593 qui
1100 1519 1140 1589 id,

147 1595 225 1670 quod
246 1596 346 1654 salutis
365 1598 494 1655 omnium
515 1598 604 1655 causi
624 1596 792 1669 statueritis,
806 1616 864 1655 nou
883 1607 985 1674 putent
1004 1616 1068 1655 esse
1081 1616 1141 1655 suas
1159 1598 1194 1652 15

148 1674 300 1751 diguitatis
314 1694 457 1733 recusare.

188 1754 332 1843 AdJ'ungit
346 1773 462 1830 gravem
470 1774 584 1831 posnam
598 1754 834 1831 municipibus,
811 1755 909 1831 siquis
916 1774 1015 1814 eorum
1024 1754 1141 1813 vincula

148 1833 274 1921 ruperit:
297 1834 446 1891 horribiles
463 1834 608 1891 custodias
624 1834 802 1906 circumdat;
823 1845 853 1892 et
865 1836 955 1912 digua
967 1834 1078 1893 scelere
1092 1836 1141 1895 bo·

148 1911 261 1967 minum
274 1912 449 1987 perditorum
469 1913 580 1969 sancit:
601 1913 716 1987 nequis
737 1932 836 1971 eorum
849 1932 974 1991 poenam,
988 1934 1060 1990 quos
1073 1934 1141 1973 con·

148 1990 276 2056 demnat
298 1999 347 2047 aut
375 2010 424 2067 per
451 2001 583 2049 senatum
604 2001 654 2048 aut
680 2012 730 2067 per
751 1993 897 2083 populum,
918 1993 1014 2051 levare
1033 1994 1138 2069 possit:
1155 2000 1192 2057 w

147 2080 233 2144 errprt
253 2068 340 2126 etiam
362 2088 451 2145 spem,
471 2090 535 2145 quae
556 2070 617 2127 sola
637 2070 810 2127 hominem
803 2090 834 2129 ru
854 2072 978 2129 miseriis
998 2072 1140 2129 consolari

147 2147 228 2204 solet.
270 2147 351 2205 Boua
370 2159 509 2224 praetorea
523 2148 665 2239 publicari
679 2148 778 2238 jubet:
799 2150 887 2207 vitam
901 2150 991 2207 solam
1004 2150 1140 2225 relinquit

147 2226 267 2284 nefariis
281 2228 460 2299 bominibus;
481 2247 568 2303 quarn
583 2228 607 2284 si
621 2227 782 2304 eripuisset,
799 2226 942 2305 [multos,]
959 2247 1017 2284 uno
1032 2229 1139 2299 dolore,

148 2305 238 2362 animi
261 2317 345 2381 atque
366 2307 500 2382 corporis,
515 2316 544 2364 et
563 2325 664 2364 omues
684 2305 955 2382 scelerum-prenae,
977 2306 1139 2365 ademisset.

149 2383 251 2459 ltaque
266 2395 298 2442 ut
311 2385 406 2460 aliqua
427 2385 457 2444 in
477 2386 536 2443 vite
557 2384 678 2443 formido
699 2384 835 2460 improbis
854 2395 930 2442 esset
948 2385 1050 2462 posita,
1065 2385 1140 2461 apud
1155 2393 1193 2450 25

149 2463 255 2520 inferos
265 2464 544 2540 ejusmodiquaedam
556 2464 597 2521 illi
607 2463 718 2538 antiqui
727 2463 867 2540 supplicia
881 2464 976 2540 impiis
985 2464 1141 2523 constituta

148 2560 212 2598 esse
227 2542 392 2612 voluerunt;
412 2543 491 2618 quod
506 2543 641 2600 videlicet
654 2542 864 2619 intelligebant,
879 2544 924 2602 bis
941 2543 1067 2616 remotis,
1081 2564 1139 2602 nou

149 2639 213 2678 esse
227 2632 347 2678 mortem
362 2621 453 2697 ipsam
466 2622 734 2698 pertimescendam.

189 2699 225 2756 V.
260 2698 359 2771 Nunc,
381 2701 481 2758 Patres
508 2701 681 2790 Conscripti,
703 2720 766 2777 ego,
787 2700 863 2773 med,
884 2701 977 2774 video,
999 2701 1104 2778 qnid
1097 2722 1140 2760 ru·

148 2777 238 2835 tersit
280 2779 313 2836 Si
340 2779 420 2836 eritis
446 2779 539 2837 secuti
566 2780 738 2837 senteutiam
765 2780 800 2836 O.
829 2781 969 2851 Caesaris;
1003 2780 1139 2855 quoniam
1155 2787 1192 2842 30

149 2857 247 2913 hauc
240 2877 265 2914 rs
279 2857 309 2914 in
315 2857 509 2953 republica
485 2877 560 2914 viam
562 2877 643 2933 ,quae
658 2857 801 2934 popularis
815 2859 946 2928 habetur,
957 2869 1075 2916 secutus
1085 2868 1138 2929 est,

149 2934 269 2992 sortasse
283 2935 380 2994 rniuirs
393 2947 487 3006 eruut,
497 2937 551 2994 hoc
566 2946 683 2994 auctore
697 2946 727 2992 et
741 2936 888 3023 cognitore
897 2904 1018 3010 huiusce
1026 2947 1140 2993 senten·

149 3013 206 3084 tiae,
219 3014 289 3071 mihi
303 3015 470 3090 populares
462 3026 585 3092 impetus
595 3013 837 3090 pertimescendi
858 3032 903 3070 sm
915 3013 993 3068 illam
1004 3012 1139 3082 alteram;

149 3092 258 3162 nesci0,
280 3112 317 3149 au
346 3094 467 3169 amplius
495 3093 566 3152 mihi
594 3091 703 3168 negotii
727 3091 921 3147 contrahatur.
963 3090 1023 3147 Sed
1042 3099 1140 3148 tamen

149 3189 278 3227 meorum
292 3171 484 3246 periculorum
498 3172 624 3229 rationes
638 3169 747 3226 utilitas
761 3168 927 3245 reipublicae
940 3168 1045 3226 vincat
1080 3169 1140 3225 Ha·
1156 3171 1193 3226 35

150 3249 251 3305 bemus
271 3249 348 3308 enim
370 3268 387 3306 a
407 3251 441 3308 C.
463 3251 579 3309 caesare
599 3248 711 3325 (sicut'
704 3247 793 3338 ipsius
806 3249 942 3325 dignitas,
957 3258 987 3306 et
999 3247 1140 3324 majorum

149 3327 211 3402 ejus
226 3328 391 3402 amplitudo,
405 3329 567 3404 postulabat
596 3328 779 3398 senteutiam,
788 3337 925 3403 tauquam
935 3327 1065 3385 obsidem
1078 3346 1141 3402 per·

148 3416 240 3480 petuae
262 3406 292 3464 iu
306 3407 514 3482 rempublicam
534 3427 569 3464 ro
581 3407 697 3464 notatis,
738 3406 924 3466 Intellectum
944 3417 997 3478 est,
1011 3407 1081 3481 quid
1098 3406 1141 3462 iu·

148 3484 229 3541 tersit
243 3484 317 3542 iuter
331 3485 477 3542 levitatem
492 3487 738 3559 concionatorum,
752 3497 782 3545 et
803 3487 932 3544 animum
945 3484 1012 3543 vere
1026 3484 1141 3561 popula·

148 3581 219 3632 rem,
235 3563 320 3620 saluti
335 3564 429 3639 populi
445 3565 651 3622 consulentem.
1156 3565 1193 3622 40

187 3642 291 3713 Video,
307 3643 343 3699 de
365 3642 426 3699 istis
446 3643 495 3718 qui
516 3662 547 3700 se
566 3644 716 3719 populares
730 3643 831 3701 haberi
845 3641 953 3712 volunt,
969 3641 1068 3700 abesse
1082 3663 1140 3702 non

149 3721 304 3790 neminem,
319 3741 357 3778 ne
371 3722 408 3778 de
423 3722 516 3798 capite
531 3722 665 3779 videlicet
687 3723 793 3780 civium
815 3722 1014 3779 Rornanorum
1027 3733 1141 3780 senten·

147 3799 217 3856 tiam
234 3799 313 3857 ferat.
357 3799 386 3856 ls
401 3811 429 3856 ot
444 3801 651 3858 nudiustertius
665 3800 695 3857 in
712 3800 873 3857 custodiam
894 3800 972 3856 cives
992 3799 1141 3860 Romanos

148 3877 237 3950 dedit,
256 3887 285 3936 et
307 3878 546 4014 supplicationem
567 3880 639 3936 mihi
661 3879 799 3951 decrevit,
820 3889 851 3936 et
871 3878 984 3936 indices
1007 3880 1141 3938 hesterno
