2775 4425
408 376 544 426 ORATIO
566 377 604 427 IN
626 379 663 427 M.
686 377 911 434 eunonium„
1136 375 1194 433 159

190 519 301 579 XLIV.
324 520 415 579 Hunc
426 541 516 580 unum
528 521 616 593 diem,
628 523 707 580 huno
718 541 820 593 unum,
832 523 959 599 inquam,
971 521 1143 580 hodiernum

151 601 239 672 diem,
255 602 310 657 boc
331 611 471 676 punctum
493 600 637 676 temporis,
658 621 716 678 quo
736 602 844 677 loquor,
858 601 993 672 defende,
1007 601 1031 657 si
1053 613 1142 677 potes.

152 680 213 737 Cur
228 691 402 738 armatorum
424 683 530 738 coronal
544 691 661 738 senatus
681 693 779 756 septus
792 681 856 738 esti
876 701 930 739 cur
944 681 1046 738 metui
1060 680 1144 737 satel-

151 759 216 816 lites
230 778 296 816 cum
312 757 416 834 gladiis
431 760 572 817 audinutl
597 778 649 816 cur
663 760 752 817 valvae
767 760 939 818 Concordiae
953 779 1010 818 non
1024 762 1143 836 patentl

152 857 203 894 cur
225 838 356 894 homines
375 838 504 896 omnium
527 837 656 915 gentium
679 838 804 896 maxime
829 839 973 911 barbaros,
996 838 1142 915 ltbyraeos,
1173 836 1192 890 5

152 935 219 974 curn
235 916 346 992 sagittis
360 916 481 974 deducis
495 918 524 974 in
540 917 631 976 lorum
643 918 655 974 l
697 917 827 975 Praesidii
840 920 885 975 sui
897 918 986 976 causti
1000 937 1032 974 se
1046 918 1142 976 facere

152 995 231 1052 dicit.
272 994 380 1052 Nonne
404 996 489 1072 igitur
512 995 615 1054 millies
636 996 730 1071 perire
751 1006 796 1054 est
817 997 929 1069 melius,
943 996 1029 1073 qudm
1045 998 1074 1056 iu
1089 998 1143 1056 sui

152 1075 280 1145 civitate,
302 1075 364 1132 siue
386 1086 559 1132 armatorum
580 1075 722 1150 praesidio,
745 1096 803 1134 uon
825 1096 908 1152 posse
927 1077 1042 1135 rivere?
1083 1077 1142 1134 Sed

153 1153 264 1211 nullum
292 1164 335 1210 est
369 1154 473 1224 isthuc,
501 1153 572 1210 mihi
599 1156 696 1225 crede,
729 1155 903 1230 praesidium.
957 1155 1087 1214 Caritate
1113 1167 1142 1214 et

153 1231 353 1289 benevolentiis
368 1233 473 1290 civium
489 1244 600 1308 septum
615 1244 726 1308 oportet
739 1253 813 1305 asse,
828 1253 886 1292 nou
901 1235 996 1294 armis.
1158 1225 1193 1279 1⁰

193 1310 313 1386 Eripiet,
336 1313 515 1386 extorquebit
536 1312 587 1370 tibi
611 1312 665 1370 ista
691 1313 814 1388 populus
840 1313 1004 1384 Romanus,
1031 1314 1143 1372 utinam

152 1390 238 1446 salvis
252 1390 350 1448 nobis!
372 1390 433 1462 scd,
457 1410 569 1466 quoquo
591 1392 677 1450 modo
699 1391 850 1450 nobiscum
872 1394 977 1466 egeris,
998 1392 1067 1450 dum
1082 1393 1144 1450 istis

152 1469 281 1526 consiliis
296 1469 393 1537 uteris,
409 1490 466 1527 non
481 1481 561 1545 potes
577 1469 662 1546 (mihi
679 1470 780 1549 crede)
795 1489 860 1527 esse
873 1470 1035 1528 diuturnus.
1077 1470 1145 1527 Ete-

152 1549 212 1605 nim
228 1549 282 1604 ista
296 1559 345 1605 tua
359 1547 478 1606 minime
493 1568 577 1606 avara
592 1550 699 1625 conjux
713 1548 812 1624 (quarn
825 1569 880 1625 ego
890 1550 953 1606 sine
967 1549 1144 1607 contumelia

152 1627 300 1702 describo)
316 1625 437 1684 nimibm
450 1627 549 1684 ‘debet
568 1628 617 1684 diu
633 1628 737 1704 populo
759 1628 895 1685 Romano
908 1628 1076 1705 pensionem
1089 1639 1145 1686 ter·
1160 1626 1194 1678 15

151 1705 231 1762 tiam.
276 1705 374 1763 Habet
383 1705 505 1782 populus
516 1706 679 1777 Romanus,
692 1707 728 1764 ad
739 1727 810 1783 quos
822 1708 1021 1784 gubernacula
1032 1708 1145 1783 reipub·

151 1785 215 1842 licae
241 1785 367 1842 deferat:
398 1786 447 1861 qni
471 1786 636 1861 ubicunque
661 1797 800 1844 terrarum
825 1799 902 1857 sunt,
927 1787 966 1844 ibi
990 1799 1035 1845 est
1057 1807 1144 1846 omne

152 1864 320 1939 reipublicae
346 1865 521 1940 presidium,
547 1865 589 1922 vel
617 1863 714 1940 potiits
740 1865 802 1942 ipsa
828 1867 1001 1942 respublica,
1027 1887 1090 1943 quaa
1112 1887 1143 1926 se

152 1943 249 2001 adbuc
274 1944 472 2002 tautummodo
493 1941 553 2000 ulta
573 1955 626 2010 ast,
652 1944 782 2002 nondum
802 1946 991 2020 recuperavit
1045 1947 1144 2004 Habet

152 2023 268 2098 quidem
292 2021 369 2080 certd
391 2023 554 2098 respublica
581 2022 780 2081 adolescentes
806 2024 1009 2095 nobilissimos,
1029 2038 1144 2099 paratos
1157 2025 1193 2078 20

152 2102 326 2158 defensores.
380 2099 481 2162 Qutm
509 2101 615 2172 volent,
643 2101 683 2159 illi
711 2103 829 2172 cedant,
852 2102 913 2160 otio
939 2102 1143 2172 consulentes3

153 2191 248 2239 tamen
275 2199 292 2237 a
316 2181 465 2257 republicis
488 2182 709 2239 revocabuntur.
761 2180 800 2239 Et
823 2199 928 2239 nomen
953 2181 1035 2257 pacis
1059 2181 1145 2240 dulce

152 2271 204 2331 est,
232 2269 262 2317 et
291 2260 352 2335 ipsa
375 2280 421 2318 res
445 2260 593 2318 salutaris:
625 2261 676 2317 sed
701 2259 776 2317 inter
801 2278 903 2335 pacem
925 2270 955 2317 et
978 2260 1144 2318 servitutem

151 2340 307 2416 plurimum
335 2340 461 2398 interest.
516 2340 576 2398 Pax
604 2351 649 2397 est
675 2338 829 2415 tranquilla
856 2339 989 2409 libertas3
1023 2340 1145 2397 servitus

152 2420 292 2476 malorum
313 2419 442 2476 omnium
464 2429 651 2495 postremum,
673 2437 733 2475 uon
756 2417 842 2477 modd
869 2418 953 2492 bello,
978 2419 1030 2477 sed
1054 2430 1145 2477 morte
1159 2413 1195 2467 25

151 2498 250 2568 etiam,
265 2497 470 2573 repellendum.

190 2575 282 2638 Quod
298 2576 321 2633 si
342 2597 374 2634 se
389 2578 464 2653 ipsos
480 2576 519 2635 illi
542 2576 632 2636 nostri
653 2577 821 2636 liberatores
843 2589 1034 2655 eoonspectu
1048 2589 1145 2636 nostro

153 2656 348 2721 abstulerunt;
370 2667 399 2714 at
409 2657 572 2732 exemplum
585 2656 653 2714 lacti
667 2656 852 2733 reliquerunt.
894 2658 951 2731 Illi,
965 2659 1041 2735 quod
1057 2678 1144 2716 nemo

153 2734 272 2807 lecerat,
288 2735 426 2793 lecerunt.
479 2736 671 2812 Tarquinium
693 2737 800 2795 Brutus
813 2738 888 2796 bello
901 2750 945 2795 est
959 2749 1143 2813 persecutus;

152 2815 200 2889 qui
228 2824 290 2871 tum
312 2833 362 2871 rex
385 2814 447 2885 luit,
463 2812 531 2871 oiim
553 2835 616 2873 esse
639 2815 743 2873 Rornae
765 2836 861 2891 regem
883 2817 997 2873 licebat.
1048 2816 1144 2890 Spurii
1160 2823 1196 2875 :to

153 2893 274 2950 Cassius
295 2903 325 2950 et
346 2892 463 2964 Melius,
486 2892 527 2953 M.
551 2894 690 2963 Manlius,
712 2902 825 2970 propter
846 2895 1040 2969 suspicionem
1063 2894 1145 2969 regni

154 2973 319 3049 appetendi,
331 2985 398 3029 sunt
410 2974 515 3031 necati.
557 2975 598 3031 Hi
610 2972 695 3049 primi
706 2992 774 3029 cum
786 2972 899 3048 gladiis,
911 2992 969 3028 non
982 2973 1010 3028 in
1023 2991 1145 3045 regnum

154 3061 347 3127 appetentem,
357 3052 406 3109 sed
420 3052 448 3109 in
461 3064 641 3130 regnantem,
654 3053 792 3126 impetum
805 3050 944 3106 lecerunt.
978 3048 1067 3109 Quod
1078 3048 1146 3106 cirm

154 3130 247 3207 ipsum
263 3130 371 3187 sactum
393 3151 445 3207 per
465 3152 497 3189 se
519 3132 690 3209 praeclarum
714 3139 798 3204 atque
813 3128 942 3185 divinum
956 3138 1010 3198 est,
1024 3138 1085 3185 tum
1099 3147 1148 3184 ex·

152 3211 277 3287 positum
288 3211 324 3266 ad
336 3210 506 3268 imitandum
516 3231 523 3280 ;
544 3209 703 3287 praesertim
714 3205 782 3265 crim
795 3208 834 3266 illi
845 3227 909 3265 eam
919 3207 1037 3283 gloriam
1048 3226 1147 3263 conse·
1162 3212 1198 3265 35

104 3336 105 3341 ,
154 3288 213 3347 cuti
228 3289 296 3359 sint,
307 3309 371 3363 quae
383 3290 430 3346 vix
442 3290 515 3347 coelo
527 3290 592 3365 capi
603 3308 685 3364 posse
698 3288 837 3345 videatur.
873 3286 936 3344 Etsi
947 3286 1025 3344 euim
1036 3286 1106 3342 satis
1118 3285 1147 3342 in

154 3368 216 3444 ipsit
230 3368 411 3425 conscientid
425 3368 611 3445 pulcherrimi
629 3368 698 3425 lacti
713 3368 824 3425 iructirs
837 3377 909 3437 erat,
924 3378 1021 3424 tamen
1035 3364 1148 3421 mortali

154 3447 397 3505 immortalitatem
412 3468 469 3505 non
485 3448 604 3506 arbitror
618 3449 869 3505 contemnendam.

192 3526 287 3584 XLV.
311 3526 480 3585 Recordare
490 3527 575 3603 igitur
585 3527 675 3598 illum,
685 3526 856 3598 M.Autoni,
866 3524 1148 3599 diem,quodictatu-

153 3624 215 3663 ram
231 3606 380 3663 sustulisti.
425 3607 504 3664 Pone
520 3617 586 3663 ante
600 3607 700 3664 oculos
721 3607 849 3664 laetitiam
863 3606 981 3663 senariis
994 3602 1148 3679 populique
1163 3604 1199 3657 40

154 3682 300 3741 Romani:
333 3683 433 3742 confer
456 3706 523 3743 cum
551 3685 762 3743 nundinatione
788 3686 840 3743 tud
866 3697 1053 3758 tuorumque:
1087 3692 1148 3738 tum

155 3764 309 3839 intelliges,
332 3776 472 3839 quantum
495 3765 568 3822 inter
592 3765 708 3821 laudem
732 3777 761 3821 et
781 3765 894 3821 lucrum
916 3763 1035 3819 intersit.
1079 3762 1148 3832 Sed,

154 3843 302 3913 nimirum,
318 3861 349 3900 ut
362 3844 479 3920 quidam
496 3844 609 3919 (morbo
625 3843 730 3917 aliquo,
744 3853 775 3900 et
800 3843 902 3901 seueris
915 3844 1043 3921 stupore)
1056 3842 1167 3907 suavi-q

154 3931 243 3979 tatem
258 3922 317 3980 cibi
331 3941 390 3981 uon
405 3924 550 3993 seutiuut3
572 3923 615 3981 sio
629 3922 786 3993 libidinosi,
800 3922 887 3994 avari,
898 3921 1063 3992 facinorosi,
1075 3940 1149 3979 verae

156 4000 250 4060 laudis
263 4014 412 4080 gustatum
425 4022 483 4061 non
499 4004 615 4060 habeut.
645 3999 716 4073 Sed,
731 4002 795 4060 site
809 4003 872 4060 laus
886 4001 1003 4060 allicere
1018 4001 1054 4059 ad
1069 3998 1149 4058 recto
1164 3990 1201 4043 ⁴¹5
