<?xml version="1.0" encoding="UTF-8"?>
<!DOCTYPE html PUBLIC "-//W3C//DTD XHTML 1.0 Transitional//EN"
    "http://www.w3.org/TR/xhtml1/DTD/xhtml1-transitional.dtd">
<html xmlns="http://www.w3.org/1999/xhtml" xml:lang="en" lang="en">
 <head>
  <title>
</title>
<meta http-equiv="Content-Type" content="text/html;charset=utf-8" />
  <meta name='ocr-system' content='tesseract 3.04.00' />
  <meta name='ocr-capabilities' content='ocr_page ocr_carea ocr_par ocr_line ocrx_word'/>
</head>
<body>
  <div class='ocr_page' id='page_1' title='image "./mtciceronisorat00folsgoog/mtciceronisorat00folsgoog_0036.png"; bbox 0 0 2775 4425; ppageno 0'>
   <div class='ocr_carea' id='block_1_1' title="bbox 191 318 990 387">
    <p class='ocr_par' dir='ltr' id='par_1_1' title="bbox 191 318 990 387">
     <span class='ocr_line' id='line_1_1' title="bbox 191 318 990 387; baseline -0.004 -15"><span class='ocrx_word' id='word_1_1' title='bbox 191 329 231 387; x_wconf 77' lang='lat'>30</span> <span class='ocrx_word' id='word_1_2' title='bbox 279 376 283 387; x_wconf 59' lang='grc'>,</span> <span class='ocrx_word' id='word_1_3' title='bbox 329 366 332 372; x_wconf 91' lang='grc'><strong><em>,</em></strong></span> <span class='ocrx_word' id='word_1_4' title='bbox 427 319 563 371; x_wconf 82' lang='lat' dir='ltr'>ORATIO</span> <span class='ocrx_word' id='word_1_5' title='bbox 586 319 635 369; x_wconf 91' lang='lat' dir='ltr'>llI.</span> <span class='ocrx_word' id='word_1_6' title='bbox 658 318 697 369; x_wconf 87' lang='lat' dir='ltr'>IN</span> <span class='ocrx_word' id='word_1_7' title='bbox 720 318 751 368; x_wconf 88' lang='lat' dir='ltr'>L.</span> <span class='ocrx_word' id='word_1_8' title='bbox 774 319 990 369; x_wconf 84' lang='lat' dir='ltr'><strong>CATILINAM.</strong></span> 
     </span>
    </p>
   </div>
   <div class='ocr_carea' id='block_1_2' title="bbox 194 464 1239 3396">
    <p class='ocr_par' dir='ltr' id='par_1_2' title="bbox 240 464 1230 699">
     <span class='ocr_line' id='line_1_2' title="bbox 240 464 1230 540; baseline -0.003 -17"><span class='ocrx_word' id='word_1_9' title='bbox 240 484 318 523; x_wconf 74' lang='lat' dir='ltr'>man</span> <span class='ocrx_word' id='word_1_10' title='bbox 339 484 437 522; x_wconf 76' lang='lat' dir='ltr'>nauso</span> <span class='ocrx_word' id='word_1_11' title='bbox 457 482 660 522; x_wconf 65' lang='lat' dir='ltr'>praenosses.</span> <span class='ocrx_word' id='word_1_12' title='bbox 701 464 780 526; x_wconf 83' lang='lat' dir='ltr'>Quae</span> <span class='ocrx_word' id='word_1_13' title='bbox 798 464 978 540; x_wconf 85' lang='lat' dir='ltr'>supplicatio,</span> <span class='ocrx_word' id='word_1_14' title='bbox 993 464 1018 521; x_wconf 91' lang='lat' dir='ltr'>si</span> <span class='ocrx_word' id='word_1_15' title='bbox 1033 483 1100 521; x_wconf 94' lang='lat' dir='ltr'>cum</span> <span class='ocrx_word' id='word_1_16' title='bbox 1115 466 1230 521; x_wconf 75' lang='lat' dir='ltr'>caeteris</span> 
     </span>
     <span class='ocr_line' id='line_1_3' title="bbox 241 542 1229 620; baseline -0.004 -18"><span class='ocrx_word' id='word_1_17' title='bbox 241 544 414 615; x_wconf 85' lang='lat' dir='ltr'>conferatur,</span> <span class='ocrx_word' id='word_1_18' title='bbox 435 544 578 616; x_wconf 90' lang='lat' dir='ltr'>Quirites,</span> <span class='ocrx_word' id='word_1_19' title='bbox 594 545 648 601; x_wconf 91' lang='lat' dir='ltr'>hoc</span> <span class='ocrx_word' id='word_1_20' title='bbox 670 545 792 614; x_wconf 91' lang='lat' dir='ltr'>intersit,</span> <span class='ocrx_word' id='word_1_21' title='bbox 806 542 884 618; x_wconf 79' lang='lat' dir='ltr'>quod</span> <span class='ocrx_word' id='word_1_22' title='bbox 906 555 1018 601; x_wconf 80' lang='lat' dir='ltr'>caeterae</span> <span class='ocrx_word' id='word_1_23' title='bbox 1039 542 1114 601; x_wconf 76' lang='lat' dir='ltr'>bene</span> <span class='ocrx_word' id='word_1_24' title='bbox 1135 544 1229 620; x_wconf 73' lang='lat' dir='ltr'>gesta,</span> 
     </span>
     <span class='ocr_line' id='line_1_4' title="bbox 241 623 978 699; baseline -0.004 -17"><span class='ocrx_word' id='word_1_25' title='bbox 241 623 304 682; x_wconf 87' lang='lat' dir='ltr'>haec</span> <span class='ocrx_word' id='word_1_26' title='bbox 318 642 386 694; x_wconf 88' lang='lat' dir='ltr'>una,</span> <span class='ocrx_word' id='word_1_27' title='bbox 401 623 569 682; x_wconf 70' lang='lat' dir='ltr'>conservati</span> <span class='ocrx_word' id='word_1_28' title='bbox 583 624 743 699; x_wconf 74' lang='lat' dir='ltr'>republica,</span> <span class='ocrx_word' id='word_1_29' title='bbox 757 624 914 681; x_wconf 88' lang='lat' dir='ltr'>constituta</span> <span class='ocrx_word' id='word_1_30' title='bbox 926 633 978 679; x_wconf 90' lang='lat' dir='ltr'>est.</span> 
     </span>
    </p>

    <p class='ocr_par' dir='ltr' id='par_1_3' title="bbox 282 701 1229 778">
     <span class='ocr_line' id='line_1_5' title="bbox 282 701 1229 778; baseline -0.001 -19"><span class='ocrx_word' id='word_1_31' title='bbox 282 702 379 777; x_wconf 82' lang='lat' dir='ltr'>Atque</span> <span class='ocrx_word' id='word_1_32' title='bbox 400 703 481 773; x_wconf 93' lang='lat' dir='ltr'>illud,</span> <span class='ocrx_word' id='word_1_33' title='bbox 502 703 578 777; x_wconf 90' lang='lat' dir='ltr'>quod</span> <span class='ocrx_word' id='word_1_34' title='bbox 599 702 766 759; x_wconf 83' lang='lat' dir='ltr'>faciendum</span> <span class='ocrx_word' id='word_1_35' title='bbox 786 701 911 778; x_wconf 78' lang='lat' dir='ltr'>primum</span> <span class='ocrx_word' id='word_1_36' title='bbox 932 702 996 772; x_wconf 85' lang='lat' dir='ltr'>fuit,</span> <span class='ocrx_word' id='word_1_37' title='bbox 1012 701 1120 759; x_wconf 85' lang='lat' dir='ltr'>factum</span> <span class='ocrx_word' id='word_1_38' title='bbox 1142 712 1229 775; x_wconf 90' lang='lat' dir='ltr'>atque</span> 
     </span>
    </p>

    <p class='ocr_par' dir='ltr' id='par_1_4' title="bbox 208 780 1232 1174">
     <span class='ocr_line' id='line_1_6' title="bbox 208 780 1229 857; baseline -0.006 -14"><span class='ocrx_word' id='word_1_39' title='bbox 208 790 419 843; x_wconf 86' lang='lat' dir='ltr'>5transactum</span> <span class='ocrx_word' id='word_1_40' title='bbox 440 793 492 839; x_wconf 91' lang='lat' dir='ltr'>est.</span> <span class='ocrx_word' id='word_1_41' title='bbox 534 782 612 839; x_wconf 92' lang='lat' dir='ltr'>Nam</span> <span class='ocrx_word' id='word_1_42' title='bbox 633 781 665 838; x_wconf 92' lang='lat' dir='ltr'>P.</span> <span class='ocrx_word' id='word_1_43' title='bbox 688 782 840 852; x_wconf 83' lang='lat' dir='ltr'><strong>Lentulus,</strong></span> <span class='ocrx_word' id='word_1_44' title='bbox 861 800 1037 856; x_wconf 83' lang='lat' dir='ltr'>quanquam,</span> <span class='ocrx_word' id='word_1_45' title='bbox 1053 780 1229 857; x_wconf 79' lang='lat' dir='ltr'>(patefactus</span> 
     </span>
     <span class='ocr_line' id='line_1_7' title="bbox 242 858 1230 937; baseline -0.003 -19"><span class='ocrx_word' id='word_1_46' title='bbox 242 861 359 918; x_wconf 89' lang='lat' dir='ltr'>indiciis</span> <span class='ocrx_word' id='word_1_47' title='bbox 369 870 399 919; x_wconf 91' lang='lat' dir='ltr'>et</span> <span class='ocrx_word' id='word_1_48' title='bbox 409 861 637 919; x_wconf 82' lang='lat' dir='ltr'>confessionibus</span> <span class='ocrx_word' id='word_1_49' title='bbox 647 861 721 937; x_wconf 75' lang='lat' dir='ltr'>suis)</span> <span class='ocrx_word' id='word_1_50' title='bbox 731 860 843 935; x_wconf 85' lang='lat' dir='ltr'>judicio</span> <span class='ocrx_word' id='word_1_51' title='bbox 855 861 983 930; x_wconf 69' lang='lat' dir='ltr'>senatuis,</span> <span class='ocrx_word' id='word_1_52' title='bbox 994 880 1051 917; x_wconf 89' lang='lat' dir='ltr'>non</span> <span class='ocrx_word' id='word_1_53' title='bbox 1063 858 1148 918; x_wconf 85' lang='lat' dir='ltr'>modb</span> <span class='ocrx_word' id='word_1_54' title='bbox 1160 879 1230 935; x_wconf 77' lang='lat' dir='ltr'>prra-</span> 
     </span>
     <span class='ocr_line' id='line_1_8' title="bbox 242 940 1230 1017; baseline -0.002 -20"><span class='ocrx_word' id='word_1_55' title='bbox 242 940 311 997; x_wconf 89' lang='lat' dir='ltr'>toris</span> <span class='ocrx_word' id='word_1_56' title='bbox 328 941 386 1017; x_wconf 91' lang='lat' dir='ltr'>jus,</span> <span class='ocrx_word' id='word_1_57' title='bbox 401 940 500 998; x_wconf 81' lang='lat' dir='ltr'>verbm</span> <span class='ocrx_word' id='word_1_58' title='bbox 521 940 608 998; x_wconf 89' lang='lat' dir='ltr'>etiam</span> <span class='ocrx_word' id='word_1_59' title='bbox 630 941 712 1010; x_wconf 89' lang='lat' dir='ltr'>civis,</span> <span class='ocrx_word' id='word_1_60' title='bbox 728 940 873 1009; x_wconf 90' lang='lat' dir='ltr'>amiserat,</span> <span class='ocrx_word' id='word_1_61' title='bbox 887 951 985 996; x_wconf 90' lang='lat' dir='ltr'>tamen</span> <span class='ocrx_word' id='word_1_62' title='bbox 1007 940 1176 1015; x_wconf 89' lang='lat' dir='ltr'>magistratu</span> <span class='ocrx_word' id='word_1_63' title='bbox 1197 958 1230 995; x_wconf 91' lang='lat' dir='ltr'>se</span> 
     </span>
     <span class='ocr_line' id='line_1_9' title="bbox 243 1017 1231 1095; baseline 0 -20"><span class='ocrx_word' id='word_1_64' title='bbox 243 1020 406 1090; x_wconf 79' lang='lat' dir='ltr'>abdicavit3</span> <span class='ocrx_word' id='word_1_65' title='bbox 428 1030 470 1091; x_wconf 91' lang='lat' dir='ltr'>ut,</span> <span class='ocrx_word' id='word_1_66' title='bbox 485 1039 548 1094; x_wconf 86' lang='lat' dir='ltr'>quae</span> <span class='ocrx_word' id='word_1_67' title='bbox 563 1020 664 1095; x_wconf 87' lang='lat' dir='ltr'>religio</span> <span class='ocrx_word' id='word_1_68' title='bbox 677 1019 713 1076; x_wconf 91' lang='lat' dir='ltr'>C.</span> <span class='ocrx_word' id='word_1_69' title='bbox 725 1018 830 1090; x_wconf 91' lang='lat' dir='ltr'>Mario,</span> <span class='ocrx_word' id='word_1_70' title='bbox 842 1019 1003 1076; x_wconf 91' lang='lat' dir='ltr'>clarissimo</span> <span class='ocrx_word' id='word_1_71' title='bbox 1016 1019 1085 1088; x_wconf 86' lang='lat' dir='ltr'>viro,</span> <span class='ocrx_word' id='word_1_72' title='bbox 1097 1038 1154 1075; x_wconf 91' lang='lat' dir='ltr'>non</span> <span class='ocrx_word' id='word_1_73' title='bbox 1169 1017 1231 1075; x_wconf 89' lang='lat' dir='ltr'>fue-</span> 
     </span>
     <span class='ocr_line' id='line_1_10' title="bbox 242 1097 1232 1174; baseline -0.002 -19"><span class='ocrx_word' id='word_1_74' title='bbox 242 1110 296 1169; x_wconf 89' lang='lat' dir='ltr'>rat,</span> <span class='ocrx_word' id='word_1_75' title='bbox 312 1098 465 1173; x_wconf 80' lang='lat' dir='ltr'>quominhs</span> <span class='ocrx_word' id='word_1_76' title='bbox 484 1099 518 1156; x_wconf 91' lang='lat' dir='ltr'>C.</span> <span class='ocrx_word' id='word_1_77' title='bbox 534 1099 700 1169; x_wconf 84' lang='lat' dir='ltr'><strong>Glauciam,</strong></span> <span class='ocrx_word' id='word_1_78' title='bbox 715 1098 751 1155; x_wconf 90' lang='lat' dir='ltr'>de</span> <span class='ocrx_word' id='word_1_79' title='bbox 765 1118 822 1173; x_wconf 89' lang='lat' dir='ltr'>quo</span> <span class='ocrx_word' id='word_1_80' title='bbox 835 1097 907 1155; x_wconf 89' lang='lat' dir='ltr'>nihil</span> <span class='ocrx_word' id='word_1_81' title='bbox 922 1098 1091 1155; x_wconf 92' lang='lat' dir='ltr'>nominatim</span> <span class='ocrx_word' id='word_1_82' title='bbox 1106 1109 1168 1155; x_wconf 87' lang='lat' dir='ltr'>erat</span> <span class='ocrx_word' id='word_1_83' title='bbox 1182 1098 1232 1174; x_wconf 91' lang='lat' dir='ltr'>de-</span> 
     </span>
    </p>

    <p class='ocr_par' dir='ltr' id='par_1_5' title="bbox 194 1177 1230 1334">
     <span class='ocr_line' id='line_1_11' title="bbox 194 1177 1230 1254; baseline -0.003 -19"><span class='ocrx_word' id='word_1_84' title='bbox 194 1180 228 1235; x_wconf 90' lang='lat'>10</span> <span class='ocrx_word' id='word_1_85' title='bbox 243 1189 364 1248; x_wconf 89' lang='lat' dir='ltr'>cretum,</span> <span class='ocrx_word' id='word_1_86' title='bbox 379 1188 527 1254; x_wconf 84' lang='lat' dir='ltr'>praetorem</span> <span class='ocrx_word' id='word_1_87' title='bbox 548 1177 705 1249; x_wconf 91' lang='lat' dir='ltr'>occideret,</span> <span class='ocrx_word' id='word_1_88' title='bbox 719 1178 755 1234; x_wconf 76' lang='lat' dir='ltr'>ed</span> <span class='ocrx_word' id='word_1_89' title='bbox 776 1197 828 1234; x_wconf 91' lang='lat' dir='ltr'>nos</span> <span class='ocrx_word' id='word_1_90' title='bbox 849 1177 997 1254; x_wconf 88' lang='lat' dir='ltr'>religione,</span> <span class='ocrx_word' id='word_1_91' title='bbox 1013 1178 1043 1234; x_wconf 93' lang='lat' dir='ltr'>in</span> <span class='ocrx_word' id='word_1_92' title='bbox 1063 1178 1174 1254; x_wconf 84' lang='lat' dir='ltr'>privato</span> <span class='ocrx_word' id='word_1_93' title='bbox 1196 1177 1230 1233; x_wconf 89' lang='lat' dir='ltr'>P.</span> 
     </span>
     <span class='ocr_line' id='line_1_12' title="bbox 242 1252 1140 1334; baseline -0.003 -19"><span class='ocrx_word' id='word_1_94' title='bbox 242 1256 367 1315; x_wconf 84' lang='lat' dir='ltr'>Lentulo</span> <span class='ocrx_word' id='word_1_95' title='bbox 380 1257 536 1334; x_wconf 81' lang='lat' dir='ltr'>punienda,</span> <span class='ocrx_word' id='word_1_96' title='bbox 551 1258 749 1315; x_wconf 81' lang='lat' dir='ltr'>liberaremur.</span> <span class='ocrx_word' id='word_1_97' title='bbox 1137 1252 1140 1257; x_wconf 73' lang='grc'><strong>’</strong></span> 
     </span>
    </p>

    <p class='ocr_par' dir='ltr' id='par_1_6' title="bbox 243 1335 1233 1570">
     <span class='ocr_line' id='line_1_13' title="bbox 282 1335 1233 1411; baseline -0.003 -17"><span class='ocrx_word' id='word_1_98' title='bbox 282 1335 354 1394; x_wconf 90' lang='lat' dir='ltr'>Vll.</span> <span class='ocrx_word' id='word_1_99' title='bbox 396 1336 496 1407; x_wconf 90' lang='lat' dir='ltr'>Nunc,</span> <span class='ocrx_word' id='word_1_100' title='bbox 512 1337 658 1411; x_wconf 92' lang='lat' dir='ltr'>quoniam,</span> <span class='ocrx_word' id='word_1_101' title='bbox 669 1336 814 1407; x_wconf 81' lang='lat' dir='ltr'>Quirites,</span> <span class='ocrx_word' id='word_1_102' title='bbox 825 1335 1041 1393; x_wconf 79' lang='lat' dir='ltr'>sceleratissimi</span> <span class='ocrx_word' id='word_1_103' title='bbox 1051 1335 1233 1411; x_wconf 80' lang='lat' dir='ltr'>periculosis·</span> 
     </span>
     <span class='ocr_line' id='line_1_14' title="bbox 243 1416 1232 1492; baseline -0.002 -19"><span class='ocrx_word' id='word_1_104' title='bbox 243 1416 366 1491; x_wconf 90' lang='lat' dir='ltr'>simique</span> <span class='ocrx_word' id='word_1_105' title='bbox 387 1416 454 1473; x_wconf 95' lang='lat' dir='ltr'>belli</span> <span class='ocrx_word' id='word_1_106' title='bbox 476 1417 601 1474; x_wconf 81' lang='lat' dir='ltr'>nefarios</span> <span class='ocrx_word' id='word_1_107' title='bbox 621 1417 712 1473; x_wconf 91' lang='lat' dir='ltr'>duces</span> <span class='ocrx_word' id='word_1_108' title='bbox 728 1426 827 1492; x_wconf 89' lang='lat' dir='ltr'>captos</span> <span class='ocrx_word' id='word_1_109' title='bbox 838 1416 899 1490; x_wconf 86' lang='lat' dir='ltr'>jam</span> <span class='ocrx_word' id='word_1_110' title='bbox 913 1425 942 1472; x_wconf 92' lang='lat' dir='ltr'>et</span> <span class='ocrx_word' id='word_1_111' title='bbox 956 1416 1177 1491; x_wconf 90' lang='lat' dir='ltr'>comprehensos</span> <span class='ocrx_word' id='word_1_112' title='bbox 1191 1424 1232 1471; x_wconf 90' lang='lat' dir='ltr'>te-</span> 
     </span>
     <span class='ocr_line' id='line_1_15' title="bbox 243 1495 1232 1570; baseline -0.004 -17"><span class='ocrx_word' id='word_1_113' title='bbox 243 1496 328 1567; x_wconf 89' lang='lat' dir='ltr'>netis,</span> <span class='ocrx_word' id='word_1_114' title='bbox 343 1496 508 1554; x_wconf 79' lang='lat' dir='ltr'>existimare</span> <span class='ocrx_word' id='word_1_115' title='bbox 522 1496 643 1566; x_wconf 89' lang='lat' dir='ltr'>debetis,</span> <span class='ocrx_word' id='word_1_116' title='bbox 658 1514 759 1552; x_wconf 90' lang='lat' dir='ltr'>omnes</span> <span class='ocrx_word' id='word_1_117' title='bbox 779 1495 914 1551; x_wconf 81' lang='lat' dir='ltr'>Catilinae</span> <span class='ocrx_word' id='word_1_118' title='bbox 932 1496 1039 1570; x_wconf 88' lang='lat' dir='ltr'>copias,</span> <span class='ocrx_word' id='word_1_119' title='bbox 1053 1514 1153 1552; x_wconf 91' lang='lat' dir='ltr'>omnes</span> <span class='ocrx_word' id='word_1_120' title='bbox 1167 1514 1232 1570; x_wconf 91' lang='lat' dir='ltr'>spes</span> 
     </span>
    </p>

    <p class='ocr_par' dir='ltr' id='par_1_7' title="bbox 195 1573 1233 1965">
     <span class='ocr_line' id='line_1_16' title="bbox 195 1573 1230 1651; baseline -0.003 -19"><span class='ocrx_word' id='word_1_121' title='bbox 195 1573 229 1627; x_wconf 88' lang='grc'>15</span> <span class='ocrx_word' id='word_1_122' title='bbox 245 1585 330 1649; x_wconf 91' lang='lat' dir='ltr'>atque</span> <span class='ocrx_word' id='word_1_123' title='bbox 350 1595 428 1651; x_wconf 89' lang='lat' dir='ltr'>opes,</span> <span class='ocrx_word' id='word_1_124' title='bbox 444 1575 488 1632; x_wconf 91' lang='lat' dir='ltr'>his</span> <span class='ocrx_word' id='word_1_125' title='bbox 509 1575 636 1651; x_wconf 87' lang='lat' dir='ltr'>depulsis</span> <span class='ocrx_word' id='word_1_126' title='bbox 656 1574 744 1631; x_wconf 85' lang='lat' dir='ltr'>Urbis</span> <span class='ocrx_word' id='word_1_127' title='bbox 756 1574 903 1651; x_wconf 89' lang='lat' dir='ltr'>periculis,</span> <span class='ocrx_word' id='word_1_128' title='bbox 918 1574 1089 1631; x_wconf 77' lang='lat' dir='ltr'>concidisse.</span> <span class='ocrx_word' id='word_1_129' title='bbox 1131 1574 1230 1634; x_wconf 84' lang='lat' dir='ltr'>Quem</span> 
     </span>
     <span class='ocr_line' id='line_1_17' title="bbox 244 1652 1231 1730; baseline 0 -20"><span class='ocrx_word' id='word_1_130' title='bbox 244 1654 361 1728; x_wconf 87' lang='lat' dir='ltr'>quidem</span> <span class='ocrx_word' id='word_1_131' title='bbox 376 1674 430 1730; x_wconf 90' lang='lat' dir='ltr'>ego</span> <span class='ocrx_word' id='word_1_132' title='bbox 444 1652 512 1711; x_wconf 80' lang='lat' dir='ltr'>crim</span> <span class='ocrx_word' id='word_1_133' title='bbox 527 1674 562 1711; x_wconf 86' lang='lat' dir='ltr'>ex</span> <span class='ocrx_word' id='word_1_134' title='bbox 577 1654 655 1711; x_wconf 91' lang='lat' dir='ltr'>Urbe</span> <span class='ocrx_word' id='word_1_135' title='bbox 675 1654 828 1729; x_wconf 81' lang='lat' dir='ltr'>pollebam,</span> <span class='ocrx_word' id='word_1_136' title='bbox 843 1654 899 1711; x_wconf 93' lang='lat' dir='ltr'>hoc</span> <span class='ocrx_word' id='word_1_137' title='bbox 918 1654 1103 1729; x_wconf 87' lang='lat' dir='ltr'>providebam</span> <span class='ocrx_word' id='word_1_138' title='bbox 1125 1654 1231 1723; x_wconf 92' lang='lat' dir='ltr'>animo,</span> 
     </span>
     <span class='ocr_line' id='line_1_18' title="bbox 244 1732 1233 1804; baseline -0.004 -12"><span class='ocrx_word' id='word_1_139' title='bbox 244 1733 387 1802; x_wconf 84' lang='lat' dir='ltr'>Quirites,</span> <span class='ocrx_word' id='word_1_140' title='bbox 409 1742 517 1789; x_wconf 89' lang='lat' dir='ltr'>remoto</span> <span class='ocrx_word' id='word_1_141' title='bbox 544 1732 682 1804; x_wconf 70' lang='lat' dir='ltr'>Catilina,</span> <span class='ocrx_word' id='word_1_142' title='bbox 705 1752 761 1789; x_wconf 92' lang='lat' dir='ltr'>nec</span> <span class='ocrx_word' id='word_1_143' title='bbox 788 1734 859 1789; x_wconf 93' lang='lat' dir='ltr'>mihi</span> <span class='ocrx_word' id='word_1_144' title='bbox 880 1752 944 1790; x_wconf 89' lang='lat' dir='ltr'>esse</span> <span class='ocrx_word' id='word_1_145' title='bbox 968 1732 1000 1790; x_wconf 91' lang='lat' dir='ltr'>P.</span> <span class='ocrx_word' id='word_1_146' title='bbox 1022 1732 1139 1790; x_wconf 89' lang='lat' dir='ltr'>Lentuli</span> <span class='ocrx_word' id='word_1_147' title='bbox 1160 1751 1233 1789; x_wconf 90' lang='lat' dir='ltr'>som-</span> 
     </span>
     <span class='ocr_line' id='line_1_19' title="bbox 244 1810 1233 1889; baseline 0 -22"><span class='ocrx_word' id='word_1_148' title='bbox 244 1829 324 1881; x_wconf 91' lang='lat' dir='ltr'>num,</span> <span class='ocrx_word' id='word_1_149' title='bbox 345 1830 401 1867; x_wconf 90' lang='lat' dir='ltr'>nec</span> <span class='ocrx_word' id='word_1_150' title='bbox 422 1810 456 1867; x_wconf 90' lang='lat' dir='ltr'>L.</span> <span class='ocrx_word' id='word_1_151' title='bbox 478 1811 573 1868; x_wconf 86' lang='lat' dir='ltr'>Cassii</span> <span class='ocrx_word' id='word_1_152' title='bbox 595 1812 719 1887; x_wconf 87' lang='lat' dir='ltr'>adipem,</span> <span class='ocrx_word' id='word_1_153' title='bbox 740 1831 796 1869; x_wconf 92' lang='lat' dir='ltr'>nec</span> <span class='ocrx_word' id='word_1_154' title='bbox 816 1812 941 1889; x_wconf 85' lang='lat' dir='ltr'>Cethegi</span> <span class='ocrx_word' id='word_1_155' title='bbox 963 1812 1099 1869; x_wconf 76' lang='lat' dir='ltr'>furiosam</span> <span class='ocrx_word' id='word_1_156' title='bbox 1119 1812 1233 1870; x_wconf 90' lang='lat' dir='ltr'>temeri·</span> 
     </span>
     <span class='ocr_line' id='line_1_20' title="bbox 245 1890 1233 1965; baseline 0.001 -20"><span class='ocrx_word' id='word_1_157' title='bbox 245 1898 344 1959; x_wconf 87' lang='lat' dir='ltr'>tatem,</span> <span class='ocrx_word' id='word_1_158' title='bbox 368 1890 636 1965; x_wconf 88' lang='lat' dir='ltr'>pertimescendam.</span> <span class='ocrx_word' id='word_1_159' title='bbox 679 1890 733 1947; x_wconf 91' lang='lat' dir='ltr'>Ille</span> <span class='ocrx_word' id='word_1_160' title='bbox 761 1901 823 1948; x_wconf 90' lang='lat' dir='ltr'>erat</span> <span class='ocrx_word' id='word_1_161' title='bbox 850 1911 925 1948; x_wconf 94' lang='lat' dir='ltr'>unus</span> <span class='ocrx_word' id='word_1_162' title='bbox 952 1892 1098 1949; x_wconf 87' lang='lat' dir='ltr'>timendus</span> <span class='ocrx_word' id='word_1_163' title='bbox 1124 1911 1161 1949; x_wconf 85' lang='lat' dir='ltr'>ex</span> <span class='ocrx_word' id='word_1_164' title='bbox 1188 1891 1233 1947; x_wconf 90' lang='lat' dir='ltr'>his</span> 
     </span>
    </p>

    <p class='ocr_par' dir='ltr' id='par_1_8' title="bbox 194 1967 1235 2361">
     <span class='ocr_line' id='line_1_21' title="bbox 194 1967 1232 2041; baseline 0.004 -19"><span class='ocrx_word' id='word_1_165' title='bbox 194 1968 231 2022; x_wconf 79' lang='lat'>20</span> <span class='ocrx_word' id='word_1_166' title='bbox 245 1969 388 2039; x_wconf 91' lang='lat' dir='ltr'>omnibus,</span> <span class='ocrx_word' id='word_1_167' title='bbox 416 1969 466 2025; x_wconf 93' lang='lat' dir='ltr'>sed</span> <span class='ocrx_word' id='word_1_168' title='bbox 494 1970 615 2041; x_wconf 91' lang='lat' dir='ltr'>tamdiu,</span> <span class='ocrx_word' id='word_1_169' title='bbox 640 1970 710 2026; x_wconf 93' lang='lat' dir='ltr'>dum</span> <span class='ocrx_word' id='word_1_170' title='bbox 737 1967 881 2027; x_wconf 66' lang='lat' dir='ltr'>menibus</span> <span class='ocrx_word' id='word_1_171' title='bbox 908 1970 996 2028; x_wconf 88' lang='lat' dir='ltr'>Urbis</span> <span class='ocrx_word' id='word_1_172' title='bbox 1022 1971 1232 2028; x_wconf 86' lang='lat' dir='ltr'>continebatur.</span> 
     </span>
     <span class='ocr_line' id='line_1_22' title="bbox 245 2046 1233 2126; baseline 0.001 -22"><span class='ocrx_word' id='word_1_173' title='bbox 245 2046 355 2105; x_wconf 91' lang='lat' dir='ltr'>Omnia</span> <span class='ocrx_word' id='word_1_174' title='bbox 369 2046 462 2120; x_wconf 78' lang='lat' dir='ltr'>nbrat,</span> <span class='ocrx_word' id='word_1_175' title='bbox 477 2048 606 2106; x_wconf 91' lang='lat' dir='ltr'>omnium</span> <span class='ocrx_word' id='word_1_176' title='bbox 618 2050 713 2107; x_wconf 88' lang='lat' dir='ltr'>aditus</span> <span class='ocrx_word' id='word_1_177' title='bbox 723 2051 841 2107; x_wconf 88' lang='lat' dir='ltr'>tenebat</span> <span class='ocrx_word' id='word_1_178' title='bbox 853 2070 860 2107; x_wconf 76' lang='grc' dir='ltr'>ε</span> <span class='ocrx_word' id='word_1_179' title='bbox 883 2050 1035 2126; x_wconf 89' lang='lat' dir='ltr'>appellare,</span> <span class='ocrx_word' id='word_1_180' title='bbox 1046 2060 1169 2121; x_wconf 89' lang='lat' dir='ltr'>tentare,</span> <span class='ocrx_word' id='word_1_181' title='bbox 1180 2048 1233 2107; x_wconf 85' lang='lat' dir='ltr'>sol·</span> 
     </span>
     <span class='ocr_line' id='line_1_23' title="bbox 245 2126 1234 2205; baseline 0 -20"><span class='ocrx_word' id='word_1_182' title='bbox 245 2126 359 2186; x_wconf 87' lang='lat' dir='ltr'>licitare</span> <span class='ocrx_word' id='word_1_183' title='bbox 373 2138 493 2205; x_wconf 90' lang='lat' dir='ltr'>poterat,</span> <span class='ocrx_word' id='word_1_184' title='bbox 509 2129 642 2187; x_wconf 88' lang='lat' dir='ltr'>audebat.</span> <span class='ocrx_word' id='word_1_185' title='bbox 685 2128 757 2187; x_wconf 86' lang='lat' dir='ltr'>Erat</span> <span class='ocrx_word' id='word_1_186' title='bbox 777 2130 805 2187; x_wconf 90' lang='lat' dir='ltr'>ei</span> <span class='ocrx_word' id='word_1_187' title='bbox 826 2130 979 2187; x_wconf 89' lang='lat' dir='ltr'>consilium</span> <span class='ocrx_word' id='word_1_188' title='bbox 1002 2130 1037 2187; x_wconf 90' lang='lat' dir='ltr'>ad</span> <span class='ocrx_word' id='word_1_189' title='bbox 1059 2129 1173 2187; x_wconf 88' lang='lat' dir='ltr'>facinus</span> <span class='ocrx_word' id='word_1_190' title='bbox 1187 2148 1234 2205; x_wconf 91' lang='lat' dir='ltr'>ap-</span> 
     </span>
     <span class='ocr_line' id='line_1_24' title="bbox 246 2208 1233 2286; baseline 0 -20"><span class='ocrx_word' id='word_1_191' title='bbox 246 2219 326 2280; x_wconf 91' lang='lat' dir='ltr'>tum;</span> <span class='ocrx_word' id='word_1_192' title='bbox 358 2208 479 2268; x_wconf 87' lang='lat' dir='ltr'>oonsilio</span> <span class='ocrx_word' id='word_1_193' title='bbox 506 2220 602 2267; x_wconf 90' lang='lat' dir='ltr'>autem</span> <span class='ocrx_word' id='word_1_194' title='bbox 630 2229 725 2285; x_wconf 89' lang='lat' dir='ltr'>neque</span> <span class='ocrx_word' id='word_1_195' title='bbox 751 2209 853 2286; x_wconf 89' lang='lat' dir='ltr'>lingua</span> <span class='ocrx_word' id='word_1_196' title='bbox 880 2229 974 2284; x_wconf 92' lang='lat' dir='ltr'>neque</span> <span class='ocrx_word' id='word_1_197' title='bbox 997 2227 1101 2266; x_wconf 88' lang='lat' dir='ltr'>manus</span> <span class='ocrx_word' id='word_1_198' title='bbox 1124 2209 1233 2267; x_wconf 90' lang='lat' dir='ltr'>deerat.</span> 
     </span>
     <span class='ocr_line' id='line_1_25' title="bbox 246 2287 1235 2361; baseline 0 -16"><span class='ocrx_word' id='word_1_199' title='bbox 246 2287 265 2344; x_wconf 86' lang='lat' dir='ltr'>J</span> <span class='ocrx_word' id='word_1_200' title='bbox 268 2301 324 2360; x_wconf 92' lang='lat' dir='ltr'>am,</span> <span class='ocrx_word' id='word_1_201' title='bbox 340 2289 376 2346; x_wconf 92' lang='lat' dir='ltr'>ad</span> <span class='ocrx_word' id='word_1_202' title='bbox 391 2299 486 2348; x_wconf 89' lang='lat' dir='ltr'>certas</span> <span class='ocrx_word' id='word_1_203' title='bbox 500 2309 546 2347; x_wconf 88' lang='lat' dir='ltr'>res</span> <span class='ocrx_word' id='word_1_204' title='bbox 567 2290 774 2361; x_wconf 82' lang='lat' dir='ltr'>conficiendas,</span> <span class='ocrx_word' id='word_1_205' title='bbox 789 2299 883 2348; x_wconf 86' lang='lat' dir='ltr'>certos</span> <span class='ocrx_word' id='word_1_206' title='bbox 904 2289 1035 2347; x_wconf 90' lang='lat' dir='ltr'>homines</span> <span class='ocrx_word' id='word_1_207' title='bbox 1056 2289 1184 2347; x_wconf 91' lang='lat' dir='ltr'>delectos</span> <span class='ocrx_word' id='word_1_208' title='bbox 1198 2307 1235 2345; x_wconf 91' lang='lat' dir='ltr'>ac</span> 
     </span>
    </p>

    <p class='ocr_par' dir='ltr' id='par_1_9' title="bbox 196 2367 1235 2604">
     <span class='ocr_line' id='line_1_26' title="bbox 196 2367 1234 2444; baseline 0.001 -21"><span class='ocrx_word' id='word_1_209' title='bbox 196 2369 232 2423; x_wconf 76' lang='lat'>25</span> <span class='ocrx_word' id='word_1_210' title='bbox 247 2368 405 2444; x_wconf 88' lang='lat' dir='ltr'>descriptos</span> <span class='ocrx_word' id='word_1_211' title='bbox 428 2367 561 2426; x_wconf 91' lang='lat' dir='ltr'>habebat.</span> <span class='ocrx_word' id='word_1_212' title='bbox 604 2368 709 2444; x_wconf 87' lang='lat' dir='ltr'>Neque</span> <span class='ocrx_word' id='word_1_213' title='bbox 730 2367 809 2440; x_wconf 80' lang='lat' dir='ltr'>verb,</span> <span class='ocrx_word' id='word_1_214' title='bbox 825 2367 892 2426; x_wconf 78' lang='lat' dir='ltr'>cum</span> <span class='ocrx_word' id='word_1_215' title='bbox 915 2368 1022 2443; x_wconf 91' lang='lat' dir='ltr'>aliquid</span> <span class='ocrx_word' id='word_1_216' title='bbox 1038 2369 1234 2438; x_wconf 90' lang='lat' dir='ltr'>mandaverat,</span> 
     </span>
     <span class='ocr_line' id='line_1_27' title="bbox 248 2447 1235 2524; baseline -0.001 -19"><span class='ocrx_word' id='word_1_217' title='bbox 248 2447 414 2505; x_wconf 89' lang='lat' dir='ltr'>confectum</span> <span class='ocrx_word' id='word_1_218' title='bbox 428 2449 565 2523; x_wconf 92' lang='lat' dir='ltr'>putabat:</span> <span class='ocrx_word' id='word_1_219' title='bbox 587 2447 659 2504; x_wconf 93' lang='lat' dir='ltr'>nihil</span> <span class='ocrx_word' id='word_1_220' title='bbox 674 2458 746 2519; x_wconf 89' lang='lat' dir='ltr'>erat,</span> <span class='ocrx_word' id='word_1_221' title='bbox 762 2449 837 2523; x_wconf 91' lang='lat' dir='ltr'>quod</span> <span class='ocrx_word' id='word_1_222' title='bbox 858 2468 915 2505; x_wconf 90' lang='lat' dir='ltr'>non</span> <span class='ocrx_word' id='word_1_223' title='bbox 937 2448 997 2524; x_wconf 90' lang='lat' dir='ltr'>ipse</span> <span class='ocrx_word' id='word_1_224' title='bbox 1017 2448 1119 2520; x_wconf 89' lang='lat' dir='ltr'>obiret,</span> <span class='ocrx_word' id='word_1_225' title='bbox 1133 2467 1235 2506; x_wconf 91' lang='lat' dir='ltr'>occur·</span> 
     </span>
     <span class='ocr_line' id='line_1_28' title="bbox 247 2525 1234 2604; baseline 0.001 -22"><span class='ocrx_word' id='word_1_226' title='bbox 247 2536 333 2596; x_wconf 89' lang='lat' dir='ltr'>reret,</span> <span class='ocrx_word' id='word_1_227' title='bbox 347 2525 488 2602; x_wconf 83' lang='lat' dir='ltr'>vigilaret,</span> <span class='ocrx_word' id='word_1_228' title='bbox 504 2526 664 2584; x_wconf 86' lang='lat' dir='ltr'>laboraret:</span> <span class='ocrx_word' id='word_1_229' title='bbox 687 2527 788 2604; x_wconf 87' lang='lat' dir='ltr'>frigus,</span> <span class='ocrx_word' id='word_1_230' title='bbox 798 2528 891 2598; x_wconf 84' lang='lat' dir='ltr'>sitim,</span> <span class='ocrx_word' id='word_1_231' title='bbox 907 2527 1013 2584; x_wconf 87' lang='lat' dir='ltr'>famem</span> <span class='ocrx_word' id='word_1_232' title='bbox 1028 2528 1102 2585; x_wconf 88' lang='lat' dir='ltr'>ferre</span> <span class='ocrx_word' id='word_1_233' title='bbox 1115 2537 1234 2604; x_wconf 90' lang='lat' dir='ltr'>poterat.</span> 
     </span>
    </p>

    <p class='ocr_par' dir='ltr' id='par_1_10' title="bbox 248 2603 1232 2763">
     <span class='ocr_line' id='line_1_29' title="bbox 287 2603 1232 2682; baseline 0.003 -22"><span class='ocrx_word' id='word_1_234' title='bbox 287 2603 378 2662; x_wconf 90' lang='lat' dir='ltr'>Hunc</span> <span class='ocrx_word' id='word_1_235' title='bbox 395 2624 459 2681; x_wconf 90' lang='lat' dir='ltr'>ego,</span> <span class='ocrx_word' id='word_1_236' title='bbox 475 2606 619 2664; x_wconf 93' lang='lat' dir='ltr'>hominem</span> <span class='ocrx_word' id='word_1_237' title='bbox 635 2615 693 2663; x_wconf 90' lang='lat' dir='ltr'>tam</span> <span class='ocrx_word' id='word_1_238' title='bbox 710 2626 817 2678; x_wconf 89' lang='lat' dir='ltr'>acrem,</span> <span class='ocrx_word' id='word_1_239' title='bbox 832 2617 891 2664; x_wconf 92' lang='lat' dir='ltr'>tam</span> <span class='ocrx_word' id='word_1_240' title='bbox 911 2617 1053 2682; x_wconf 87' lang='lat' dir='ltr'>paratum,</span> <span class='ocrx_word' id='word_1_241' title='bbox 1068 2618 1133 2664; x_wconf 81' lang='lat' dir='ltr'>tam·</span> <span class='ocrx_word' id='word_1_242' title='bbox 1149 2607 1232 2664; x_wconf 90' lang='lat' dir='ltr'>auda·</span> 
     </span>
     <span class='ocr_line' id='line_1_30' title="bbox 248 2685 1232 2763; baseline 0.001 -22"><span class='ocrx_word' id='word_1_243' title='bbox 248 2702 323 2754; x_wconf 89' lang='lat' dir='ltr'>cem,</span> <span class='ocrx_word' id='word_1_244' title='bbox 338 2693 397 2740; x_wconf 91' lang='lat' dir='ltr'>tam</span> <span class='ocrx_word' id='word_1_245' title='bbox 419 2685 555 2742; x_wconf 90' lang='lat' dir='ltr'>callidum</span> <span class='ocrx_word' id='word_1_246' title='bbox 587 2695 647 2742; x_wconf 90' lang='lat' dir='ltr'>tam</span> <span class='ocrx_word' id='word_1_247' title='bbox 669 2687 699 2744; x_wconf 93' lang='lat' dir='ltr'>in</span> <span class='ocrx_word' id='word_1_248' title='bbox 720 2687 830 2744; x_wconf 88' lang='lat' dir='ltr'>scelere</span> <span class='ocrx_word' id='word_1_249' title='bbox 851 2687 1029 2763; x_wconf 86' lang='lat' dir='ltr'>vigilantem,</span> <span class='ocrx_word' id='word_1_250' title='bbox 1044 2697 1103 2744; x_wconf 90' lang='lat' dir='ltr'>tam</span> <span class='ocrx_word' id='word_1_251' title='bbox 1125 2686 1154 2743; x_wconf 87' lang='lat' dir='ltr'>ih</span> <span class='ocrx_word' id='word_1_252' title='bbox 1175 2705 1232 2762; x_wconf 87' lang='lat' dir='ltr'>per·</span> 
     </span>
    </p>

    <p class='ocr_par' dir='ltr' id='par_1_11' title="bbox 198 2763 1236 3158">
     <span class='ocr_line' id='line_1_31' title="bbox 198 2763 1231 2842; baseline -0.003 -18"><span class='ocrx_word' id='word_1_253' title='bbox 198 2769 234 2824; x_wconf 86' lang='grc'>30</span> <span class='ocrx_word' id='word_1_254' title='bbox 249 2763 317 2819; x_wconf 87' lang='lat' dir='ltr'>ditis</span> <span class='ocrx_word' id='word_1_255' title='bbox 340 2763 426 2821; x_wconf 89' lang='lat' dir='ltr'>rebus</span> <span class='ocrx_word' id='word_1_256' title='bbox 454 2764 633 2842; x_wconf 85' lang='lat' dir='ltr'>diligentem,</span> <span class='ocrx_word' id='word_1_257' title='bbox 661 2767 718 2823; x_wconf 92' lang='lat' dir='ltr'>nisi</span> <span class='ocrx_word' id='word_1_258' title='bbox 745 2785 781 2823; x_wconf 83' lang='lat' dir='ltr'>ex</span> <span class='ocrx_word' id='word_1_259' title='bbox 795 2765 962 2824; x_wconf 89' lang='lat' dir='ltr'>domesticis</span> <span class='ocrx_word' id='word_1_260' title='bbox 989 2765 1102 2823; x_wconf 91' lang='lat' dir='ltr'>insidiis</span> <span class='ocrx_word' id='word_1_261' title='bbox 1124 2767 1153 2823; x_wconf 93' lang='lat' dir='ltr'>in</span> <span class='ocrx_word' id='word_1_262' title='bbox 1175 2785 1231 2823; x_wconf 85' lang='lat' dir='ltr'>cas</span> 
     </span>
     <span class='ocr_line' id='line_1_32' title="bbox 248 2842 1235 2921; baseline 0.004 -23"><span class='ocrx_word' id='word_1_263' title='bbox 248 2852 344 2900; x_wconf 90' lang='lat' dir='ltr'>trense</span> <span class='ocrx_word' id='word_1_264' title='bbox 371 2842 554 2902; x_wconf 89' lang='lat' dir='ltr'>latrocinium</span> <span class='ocrx_word' id='word_1_265' title='bbox 582 2846 794 2921; x_wconf 89' lang='lat' dir='ltr'>compulissem,</span> <span class='ocrx_word' id='word_1_266' title='bbox 824 2844 935 2921; x_wconf 89' lang='lat' dir='ltr'>(dicam</span> <span class='ocrx_word' id='word_1_267' title='bbox 962 2844 1002 2915; x_wconf 92' lang='lat' dir='ltr'>id,</span> <span class='ocrx_word' id='word_1_268' title='bbox 1030 2846 1106 2920; x_wconf 89' lang='lat' dir='ltr'>quod</span> <span class='ocrx_word' id='word_1_269' title='bbox 1133 2846 1235 2912; x_wconf 81' lang='lat' dir='ltr'>sentio,</span> 
     </span>
     <span class='ocr_line' id='line_1_33' title="bbox 247 2921 1236 3002; baseline -0.002 -19"><span class='ocrx_word' id='word_1_270' title='bbox 247 2921 395 3002; x_wconf 77' lang='lat' dir='ltr'>Quirites)</span> <span class='ocrx_word' id='word_1_271' title='bbox 411 2942 468 2982; x_wconf 92' lang='lat' dir='ltr'>non</span> <span class='ocrx_word' id='word_1_272' title='bbox 490 2923 576 2982; x_wconf 76' lang='lat' dir='ltr'>facild</span> <span class='ocrx_word' id='word_1_273' title='bbox 598 2926 676 2982; x_wconf 89' lang='lat' dir='ltr'>hanc</span> <span class='ocrx_word' id='word_1_274' title='bbox 696 2935 805 2982; x_wconf 87' lang='lat' dir='ltr'>tantam</span> <span class='ocrx_word' id='word_1_275' title='bbox 827 2924 932 2981; x_wconf 90' lang='lat' dir='ltr'>molem</span> <span class='ocrx_word' id='word_1_276' title='bbox 953 2924 1022 2981; x_wconf 90' lang='lat' dir='ltr'>mali</span> <span class='ocrx_word' id='word_1_277' title='bbox 1043 2925 1236 2982; x_wconf 88' lang='lat' dir='ltr'>acervicibus</span> 
     </span>
     <span class='ocr_line' id='line_1_34' title="bbox 245 3003 1236 3079; baseline 0.002 -21"><span class='ocrx_word' id='word_1_278' title='bbox 245 3003 350 3059; x_wconf 34' lang='lat' dir='ltr'>*vestris</span> <span class='ocrx_word' id='word_1_279' title='bbox 364 3003 545 3079; x_wconf 87' lang='lat' dir='ltr'>depulissem.</span> <span class='ocrx_word' id='word_1_280' title='bbox 587 3004 656 3063; x_wconf 91' lang='lat' dir='ltr'>Non</span> <span class='ocrx_word' id='word_1_281' title='bbox 677 3005 726 3062; x_wconf 92' lang='lat' dir='ltr'>ille</span> <span class='ocrx_word' id='word_1_282' title='bbox 746 3004 830 3062; x_wconf 92' lang='lat' dir='ltr'>nobis</span> <span class='ocrx_word' id='word_1_283' title='bbox 850 3003 1017 3060; x_wconf 87' lang='lat' dir='ltr'>Saturnalia</span> <span class='ocrx_word' id='word_1_284' title='bbox 1031 3004 1236 3074; x_wconf 89' lang='lat' dir='ltr'>constituisset,</span> 
     </span>
     <span class='ocr_line' id='line_1_35' title="bbox 249 3081 1236 3158; baseline 0.002 -20"><span class='ocrx_word' id='word_1_285' title='bbox 249 3100 354 3157; x_wconf 88' lang='lat' dir='ltr'>neque,</span> <span class='ocrx_word' id='word_1_286' title='bbox 365 3081 445 3141; x_wconf 83' lang='lat' dir='ltr'>tantb</span> <span class='ocrx_word' id='word_1_287' title='bbox 458 3082 536 3155; x_wconf 72' lang='lat' dir='ltr'>ante,</span> <span class='ocrx_word' id='word_1_288' title='bbox 547 3083 628 3143; x_wconf 80' lang='lat' dir='ltr'>exitii</span> <span class='ocrx_word' id='word_1_289' title='bbox 643 3094 672 3142; x_wconf 92' lang='lat' dir='ltr'>et</span> <span class='ocrx_word' id='word_1_290' title='bbox 686 3084 737 3141; x_wconf 86' lang='lat' dir='ltr'>fati</span> <span class='ocrx_word' id='word_1_291' title='bbox 752 3084 829 3141; x_wconf 90' lang='lat' dir='ltr'>diem</span> <span class='ocrx_word' id='word_1_292' title='bbox 844 3082 1009 3158; x_wconf 69' lang='lat' dir='ltr'>reipublicae</span> <span class='ocrx_word' id='word_1_293' title='bbox 1021 3083 1236 3152; x_wconf 50' lang='lat' dir='ltr'>denuntiassem</span> 
     </span>
    </p>

    <p class='ocr_par' dir='ltr' id='par_1_12' title="bbox 199 3162 1239 3396">
     <span class='ocr_line' id='line_1_36' title="bbox 199 3162 1237 3240; baseline 0.003 -23"><span class='ocrx_word' id='word_1_294' title='bbox 199 3171 235 3226; x_wconf 84' lang='lat'>35</span> <span class='ocrx_word' id='word_1_295' title='bbox 249 3179 344 3235; x_wconf 85' lang='lat' dir='ltr'>neque</span> <span class='ocrx_word' id='word_1_296' title='bbox 359 3163 559 3234; x_wconf 89' lang='lat' dir='ltr'>commisisset,</span> <span class='ocrx_word' id='word_1_297' title='bbox 574 3172 606 3220; x_wconf 91' lang='lat' dir='ltr'>ut</span> <span class='ocrx_word' id='word_1_298' title='bbox 626 3164 752 3240; x_wconf 88' lang='lat' dir='ltr'>signum,</span> <span class='ocrx_word' id='word_1_299' title='bbox 767 3173 799 3220; x_wconf 93' lang='lat' dir='ltr'>ut</span> <span class='ocrx_word' id='word_1_300' title='bbox 819 3162 911 3220; x_wconf 82' lang='lat' dir='ltr'>literae</span> <span class='ocrx_word' id='word_1_301' title='bbox 931 3181 990 3218; x_wconf 85' lang='lat' dir='ltr'>suae</span> <span class='ocrx_word' id='word_1_302' title='bbox 1010 3172 1099 3220; x_wconf 89' lang='lat' dir='ltr'>testes</span> <span class='ocrx_word' id='word_1_303' title='bbox 1113 3164 1237 3238; x_wconf 87' lang='lat' dir='ltr'>denique</span> 
     </span>
     <span class='ocr_line' id='line_1_37' title="bbox 250 3240 1237 3317; baseline 0.002 -21"><span class='ocrx_word' id='word_1_304' title='bbox 250 3240 395 3297; x_wconf 82' lang='lat' dir='ltr'>manifesti</span> <span class='ocrx_word' id='word_1_305' title='bbox 410 3241 528 3299; x_wconf 87' lang='lat' dir='ltr'>sceleris</span> <span class='ocrx_word' id='word_1_306' title='bbox 542 3242 842 3317; x_wconf 88' lang='lat' dir='ltr'>deprehenderentur:</span> <span class='ocrx_word' id='word_1_307' title='bbox 863 3262 926 3317; x_wconf 78' lang='lat' dir='ltr'>quae</span> <span class='ocrx_word' id='word_1_308' title='bbox 941 3261 1030 3313; x_wconf 90' lang='lat' dir='ltr'>nunc,</span> <span class='ocrx_word' id='word_1_309' title='bbox 1046 3243 1095 3300; x_wconf 93' lang='lat' dir='ltr'>illo</span> <span class='ocrx_word' id='word_1_310' title='bbox 1109 3243 1237 3312; x_wconf 89' lang='lat' dir='ltr'>absente,</span> 
     </span>
     <span class='ocr_line' id='line_1_38' title="bbox 250 3319 1239 3396; baseline 0.004 -21"><span class='ocrx_word' id='word_1_311' title='bbox 250 3319 293 3375; x_wconf 91' lang='lat' dir='ltr'>sic</span> <span class='ocrx_word' id='word_1_312' title='bbox 308 3329 389 3394; x_wconf 87' lang='lat' dir='ltr'>gesta</span> <span class='ocrx_word' id='word_1_313' title='bbox 403 3329 480 3389; x_wconf 91' lang='lat' dir='ltr'>sunt,</span> <span class='ocrx_word' id='word_1_314' title='bbox 495 3329 527 3376; x_wconf 90' lang='lat' dir='ltr'>ut</span> <span class='ocrx_word' id='word_1_315' title='bbox 540 3321 652 3377; x_wconf 91' lang='lat' dir='ltr'>nullum</span> <span class='ocrx_word' id='word_1_316' title='bbox 667 3321 697 3377; x_wconf 93' lang='lat' dir='ltr'>in</span> <span class='ocrx_word' id='word_1_317' title='bbox 710 3321 821 3396; x_wconf 71' lang='lat' dir='ltr'>privati</span> <span class='ocrx_word' id='word_1_318' title='bbox 836 3322 921 3378; x_wconf 94' lang='lat' dir='ltr'>domo</span> <span class='ocrx_word' id='word_1_319' title='bbox 935 3321 1042 3378; x_wconf 86' lang='lat' dir='ltr'>furtum</span> <span class='ocrx_word' id='word_1_320' title='bbox 1060 3341 1188 3396; x_wconf 92' lang='lat' dir='ltr'>unquam</span> <span class='ocrx_word' id='word_1_321' title='bbox 1202 3322 1239 3379; x_wconf 91' lang='lat' dir='ltr'>sit</span> 
     </span>
    </p>
   </div>
   <div class='ocr_carea' id='block_1_3' title="bbox 202 3395 1242 3950">
    <p class='ocr_par' dir='ltr' id='par_1_13' title="bbox 202 3395 1242 3950">
     <span class='ocr_line' id='line_1_39' title="bbox 250 3395 1240 3478; baseline 0.004 -24"><span class='ocrx_word' id='word_1_322' title='bbox 250 3408 310 3454; x_wconf 90' lang='lat' dir='ltr'>tam</span> <span class='ocrx_word' id='word_1_323' title='bbox 331 3395 425 3473; x_wconf 72' lang='lat' dir='ltr'>palam</span> <span class='ocrx_word' id='word_1_324' title='bbox 447 3397 606 3469; x_wconf 87' lang='lat' dir='ltr'>inventum,</span> <span class='ocrx_word' id='word_1_325' title='bbox 620 3397 708 3474; x_wconf 74' lang='lat' dir='ltr'>quarn</span> <span class='ocrx_word' id='word_1_326' title='bbox 722 3400 785 3457; x_wconf 84' lang='lat' dir='ltr'>haec</span> <span class='ocrx_word' id='word_1_327' title='bbox 802 3411 883 3458; x_wconf 88' lang='lat' dir='ltr'>tanta</span> <span class='ocrx_word' id='word_1_328' title='bbox 900 3401 930 3458; x_wconf 94' lang='lat' dir='ltr'>in</span> <span class='ocrx_word' id='word_1_329' title='bbox 945 3401 1093 3477; x_wconf 70' lang='lat' dir='ltr'>republica</span> <span class='ocrx_word' id='word_1_330' title='bbox 1108 3401 1240 3478; x_wconf 84' lang='lat' dir='ltr'>conjura-</span> 
     </span>
     <span class='ocr_line' id='line_1_40' title="bbox 251 3475 1240 3555; baseline 0.004 -22"><span class='ocrx_word' id='word_1_331' title='bbox 251 3477 291 3534; x_wconf 91' lang='lat' dir='ltr'>tio</span> <span class='ocrx_word' id='word_1_332' title='bbox 305 3475 458 3535; x_wconf 77' lang='lat' dir='ltr'>manifestb</span> <span class='ocrx_word' id='word_1_333' title='bbox 474 3477 590 3538; x_wconf 89' lang='lat' dir='ltr'>inventa</span> <span class='ocrx_word' id='word_1_334' title='bbox 600 3489 685 3553; x_wconf 89' lang='lat' dir='ltr'>atque</span> <span class='ocrx_word' id='word_1_335' title='bbox 696 3479 875 3555; x_wconf 87' lang='lat' dir='ltr'>deprehensa</span> <span class='ocrx_word' id='word_1_336' title='bbox 884 3490 935 3538; x_wconf 90' lang='lat' dir='ltr'>est.</span> <span class='ocrx_word' id='word_1_337' title='bbox 970 3478 1096 3543; x_wconf 78' lang='lat' dir='ltr'>Quodsi</span> <span class='ocrx_word' id='word_1_338' title='bbox 1111 3481 1240 3539; x_wconf 87' lang='lat' dir='ltr'>Catilina</span> 
     </span>
     <span class='ocr_line' id='line_1_41' title="bbox 202 3555 1239 3636; baseline 0 -20"><span class='ocrx_word' id='word_1_339' title='bbox 202 3564 236 3616; x_wconf 81' lang='lat'>40</span> <span class='ocrx_word' id='word_1_340' title='bbox 253 3555 382 3634; x_wconf 14' lang='lat' dir='ltr'>inlUrbe</span> <span class='ocrx_word' id='word_1_341' title='bbox 404 3556 440 3614; x_wconf 91' lang='lat' dir='ltr'>ad</span> <span class='ocrx_word' id='word_1_342' title='bbox 461 3558 538 3615; x_wconf 89' lang='lat' dir='ltr'>hanc</span> <span class='ocrx_word' id='word_1_343' title='bbox 558 3557 635 3616; x_wconf 89' lang='lat' dir='ltr'>diem</span> <span class='ocrx_word' id='word_1_344' title='bbox 652 3559 854 3629; x_wconf 87' lang='lat' dir='ltr'>remansisset;</span> <span class='ocrx_word' id='word_1_345' title='bbox 876 3578 1051 3636; x_wconf 87' lang='lat' dir='ltr'>quanquam,</span> <span class='ocrx_word' id='word_1_346' title='bbox 1066 3561 1160 3636; x_wconf 90' lang='lat' dir='ltr'>quoad</span> <span class='ocrx_word' id='word_1_347' title='bbox 1175 3560 1239 3630; x_wconf 85' lang='lat' dir='ltr'>fuit,</span> 
     </span>
     <span class='ocr_line' id='line_1_42' title="bbox 251 3635 1240 3716; baseline 0.004 -24"><span class='ocrx_word' id='word_1_348' title='bbox 251 3635 385 3694; x_wconf 88' lang='lat' dir='ltr'>omnibus</span> <span class='ocrx_word' id='word_1_349' title='bbox 399 3637 461 3714; x_wconf 87' lang='lat' dir='ltr'>ejus</span> <span class='ocrx_word' id='word_1_350' title='bbox 475 3637 604 3696; x_wconf 88' lang='lat' dir='ltr'>consiliis</span> <span class='ocrx_word' id='word_1_351' title='bbox 617 3638 732 3696; x_wconf 89' lang='lat' dir='ltr'>occurri</span> <span class='ocrx_word' id='word_1_352' title='bbox 747 3650 832 3715; x_wconf 89' lang='lat' dir='ltr'>atque</span> <span class='ocrx_word' id='word_1_353' title='bbox 845 3640 953 3710; x_wconf 92' lang='lat' dir='ltr'>obstiti,</span> <span class='ocrx_word' id='word_1_354' title='bbox 967 3651 1064 3697; x_wconf 91' lang='lat' dir='ltr'>tamen</span> <span class='ocrx_word' id='word_1_355' title='bbox 1078 3639 1124 3716; x_wconf 88' lang='lat' dir='ltr'>(ut</span> <span class='ocrx_word' id='word_1_356' title='bbox 1134 3639 1240 3697; x_wconf 86' lang='lat' dir='ltr'>levissi-</span> 
     </span>
     <span class='ocr_line' id='line_1_43' title="bbox 252 3713 1241 3795; baseline 0.008 -26"><span class='ocrx_word' id='word_1_357' title='bbox 252 3713 300 3769; x_wconf 74' lang='lat' dir='ltr'>me</span> <span class='ocrx_word' id='word_1_358' title='bbox 322 3714 432 3795; x_wconf 90' lang='lat' dir='ltr'>dicam)</span> <span class='ocrx_word' id='word_1_359' title='bbox 451 3716 649 3775; x_wconf 89' lang='lat' dir='ltr'>dimicandum</span> <span class='ocrx_word' id='word_1_360' title='bbox 670 3719 754 3776; x_wconf 92' lang='lat' dir='ltr'>nobis</span> <span class='ocrx_word' id='word_1_361' title='bbox 775 3738 841 3776; x_wconf 92' lang='lat' dir='ltr'>cum</span> <span class='ocrx_word' id='word_1_362' title='bbox 864 3718 913 3776; x_wconf 90' lang='lat' dir='ltr'>illo</span> <span class='ocrx_word' id='word_1_363' title='bbox 934 3720 1049 3789; x_wconf 81' lang='lat' dir='ltr'>fuisset3</span> <span class='ocrx_word' id='word_1_364' title='bbox 1074 3739 1168 3793; x_wconf 88' lang='lat' dir='ltr'>neque</span> <span class='ocrx_word' id='word_1_365' title='bbox 1189 3739 1241 3777; x_wconf 87' lang='lat' dir='ltr'>nos</span> 
     </span>
     <span class='ocr_line' id='line_1_44' title="bbox 253 3796 1242 3875; baseline 0.005 -25"><span class='ocrx_word' id='word_1_366' title='bbox 253 3810 390 3865; x_wconf 89' lang='lat' dir='ltr'>unquam,</span> <span class='ocrx_word' id='word_1_367' title='bbox 405 3796 473 3852; x_wconf 94' lang='lat' dir='ltr'>dum</span> <span class='ocrx_word' id='word_1_368' title='bbox 488 3797 536 3854; x_wconf 90' lang='lat' dir='ltr'>ille</span> <span class='ocrx_word' id='word_1_369' title='bbox 551 3796 581 3855; x_wconf 93' lang='lat' dir='ltr'>in</span> <span class='ocrx_word' id='word_1_370' title='bbox 596 3797 674 3856; x_wconf 87' lang='lat' dir='ltr'>Urbe</span> <span class='ocrx_word' id='word_1_371' title='bbox 689 3799 778 3855; x_wconf 89' lang='lat' dir='ltr'>hostis</span> <span class='ocrx_word' id='word_1_372' title='bbox 793 3798 902 3869; x_wconf 82' lang='lat' dir='ltr'>luisset,</span> <span class='ocrx_word' id='word_1_373' title='bbox 917 3800 1005 3856; x_wconf 92' lang='lat' dir='ltr'>tantis</span> <span class='ocrx_word' id='word_1_374' title='bbox 1018 3799 1156 3875; x_wconf 84' lang='lat' dir='ltr'>periculis</span> <span class='ocrx_word' id='word_1_375' title='bbox 1170 3818 1242 3856; x_wconf 89' lang='lat' dir='ltr'>rem-</span> 
     </span>
     <span class='ocr_line' id='line_1_45' title="bbox 252 3869 1239 3950; baseline 0.009 -25"><span class='ocrx_word' id='word_1_376' title='bbox 252 3869 409 3947; x_wconf 87' lang='lat' dir='ltr'>publicam,</span> <span class='ocrx_word' id='word_1_377' title='bbox 424 3874 504 3930; x_wconf 75' lang='lat' dir='ltr'>tanrd</span> <span class='ocrx_word' id='word_1_378' title='bbox 517 3894 601 3950; x_wconf 88' lang='lat' dir='ltr'>pace,</span> <span class='ocrx_word' id='word_1_379' title='bbox 615 3887 696 3934; x_wconf 87' lang='lat' dir='ltr'>tanto</span> <span class='ocrx_word' id='word_1_380' title='bbox 709 3878 778 3948; x_wconf 85' lang='lat' dir='ltr'>otio,</span> <span class='ocrx_word' id='word_1_381' title='bbox 792 3887 873 3935; x_wconf 91' lang='lat' dir='ltr'>tanto</span> <span class='ocrx_word' id='word_1_382' title='bbox 886 3878 1010 3950; x_wconf 88' lang='lat' dir='ltr'>silentio,</span> <span class='ocrx_word' id='word_1_383' title='bbox 1027 3879 1239 3936; x_wconf 76' lang='lat' dir='ltr'>liberassemus.</span> 
     </span>
    </p>
   </div>
   <div class='ocr_carea' id='block_1_4' title="bbox 0 0 1407 4425">
    <p class='ocr_par' dir='ltr' id='par_1_14' title="bbox 0 0 1407 4425">
     <span class='ocr_line' id='line_1_46' title="bbox 0 0 1407 4425; baseline 0 0"><span class='ocrx_word' id='word_1_384' title='bbox 0 0 1407 4425; x_wconf 95' lang='lat' dir='ltr'> </span> 
     </span>
    </p>
   </div>
  </div>
 </body>
</html>
