2775 4425
360 368 498 420 oestuo
519 370 589 421 PRO
610 369 710 421 aaut:
732 370 926 422 unlustau.
1142 374 1180 433 81

119 452 121 455 ·
169 448 182 483 s

143 522 205 570 tum
220 512 275 571 sibi
296 511 432 585 amicum,
455 524 664 591 cognoverant:
686 511 811 590 cirmque
832 515 907 592 apud
931 514 1023 593 ipsum
1046 524 1076 573 te
1095 514 1133 575 de

143 601 194 649 tuo
206 592 336 668 periculo
349 592 489 664 dicerent,
504 594 564 651 fore
586 593 736 670 putabant,
751 605 783 650 ut
806 594 835 650 in
859 594 1024 653 exulcerato
1037 593 1134 652 animo

145 669 233 728 facile
258 671 358 728 fictum
382 671 491 729 crimen
516 672 660 730 insideret.
708 671 909 734 Quamobrem
930 673 986 731 boc
1005 692 1058 731 nos
1078 673 1134 749 pri·

145 748 226 805 mum
241 760 329 819 metu,
343 748 399 807 cai
414 750 522 820 Cesar,
535 770 585 827 per
599 750 696 821 fidem,
710 760 740 807 et
753 750 953 822 constantiam,
967 761 996 808 et
1010 752 1134 809 clemen·

145 825 217 883 tiam
231 837 320 899 tuam,
335 828 435 898 libera,
450 847 487 886 ne
501 828 626 887 residere
641 828 670 886 in
691 838 721 886 te
734 829 822 886 ullam
844 840 954 904 partem
976 829 1132 887 iracundiae
1163 833 1182 887 b

146 905 333 981 suspicemur.
376 904 432 963 Per
446 906 573 964 dextram
588 918 616 965 te
641 906 725 964 istam
747 926 807 977 oro,
821 924 907 983 quam
921 907 983 985 regi
997 907 1135 967 Deiotaro

146 984 249 1059 hospes
270 983 371 1060 hospiti
394 985 561 1061 porrexisti;
584 986 677 1056 i'stam,
693 985 820 1061 inquam,
834 985 973 1057 dextram,
995 1006 1052 1044 non
1074 997 1133 1044 tam

146 1060 177 1118 in
202 1062 284 1118 bellis
304 1072 334 1119 et
356 1063 384 1120 in
403 1063 519 1139 proeliis,
534 1062 620 1138 quim
643 1063 673 1121 in
696 1064 842 1139 promissis
855 1075 885 1121 et
898 1064 957 1122 lide
970 1065 1131 1123 firmiorem.

146 1138 197 1197 Tu
211 1140 288 1197 illius
301 1141 417 1198 domum
432 1142 514 1213 inire,
529 1152 559 1199 tu
574 1153 655 1200 vetus
674 1141 827 1219 hospitium
840 1162 986 1214 renovare,
1001 1144 1132 1202 voluisti:

145 1228 175 1275 te
190 1218 252 1293 ejus
266 1218 315 1276 Dii
330 1229 447 1295 penates
462 1230 652 1296 acceperunt:
674 1230 703 1279 te
724 1222 849 1279 amicum
869 1232 898 1279 et
910 1222 1055 1300 placatum
1076 1222 1134 1280 De-
1148 1226 1183 1281 10

146 1296 230 1354 iotari
245 1296 322 1373 regis
336 1316 391 1355 arae
406 1298 518 1374 locique
533 1299 673 1357 viderunt.

187 1373 263 1432 cum
279 1375 363 1433 facile
379 1378 498 1448 exorari,
513 1378 622 1449 Caesar,
637 1388 699 1435 tum
712 1378 800 1435 semel
815 1378 936 1449 exorari,
950 1378 1032 1435 soles.
1074 1377 1135 1435 Ne·

146 1472 194 1510 mo
207 1471 334 1527 unquam
348 1465 377 1511 te
390 1455 513 1531 placavit
527 1456 672 1525 inimicus,
687 1456 737 1531 qui
751 1456 824 1514 ullas
844 1456 984 1514 resedisse
999 1457 1028 1514 in
1048 1466 1078 1514 te
1097 1457 1134 1513 si·

146 1531 275 1588 multatis
303 1533 437 1607 reliquias
464 1534 592 1593 senserit.
642 1534 821 1609 Quanquam
842 1534 890 1592 cui
911 1544 978 1591 sunt
998 1534 1134 1592 inaudite

147 1628 213 1666 cum
231 1610 366 1668 Deiotaro
380 1613 502 1686 querele
516 1615 593 1671 tuael
633 1612 791 1689 Nunquam
804 1622 836 1669 tu
857 1612 937 1670 illum
952 1614 1133 1683 accusavisti,
1150 1615 1184 1668 15

146 1698 179 1744 ut
193 1689 313 1758 hostem,
328 1691 378 1746 sed
390 1703 420 1747 ut
435 1690 560 1749 amicum
581 1692 676 1750 officio
694 1710 797 1769 parum
821 1691 961 1762 functum,
976 1691 1053 1766 quod
1072 1710 1135 1769 pro·

145 1768 260 1842 pensior
282 1768 310 1825 in
332 1768 386 1826 Cn.
408 1769 536 1845 Pompeii
558 1770 714 1828 amicitiam
742 1770 851 1842 suisset,
878 1770 965 1847 quam
994 1770 1024 1828 in
1043 1783 1132 1829 tuam.

146 1846 204 1903 Cui
217 1858 316 1903 tamen
332 1848 383 1923 ipsi
398 1848 439 1905 rei
454 1849 566 1905 reniam
581 1861 609 1906 te
632 1850 765 1907 daturum
790 1849 878 1907 fuisse
891 1849 1019 1920 dicebas,
1034 1849 1058 1907 si
1072 1860 1134 1907 tan·

146 1922 208 1981 tium
224 1925 331 1983 auxilia
346 1926 489 2003 Pompeio,
504 1928 548 1984 vel
563 1929 587 1984 si
601 1928 688 1985 etiarn
708 1928 798 1985 filium
816 1928 949 1999 misisset,
974 1928 1035 2005 ipse
1047 1946 1134 1986 excu-

147 2003 258 2061 satione
272 2006 363 2061 aetatis
377 2024 445 2061 usus
455 2015 538 2063 esset.
581 2006 636 2076 lta,
650 2004 718 2064 crim
732 2007 865 2064 maximis
877 2025 945 2064 eum
964 2008 1051 2064 rebus
1064 2008 1134 2064 libo·
1146 2004 1183 2061 Μ

146 2100 236 2152 rures,
250 2102 416 2158 perparvam
431 2084 565 2141 amicitie
579 2085 693 2161 culpam
707 2084 896 2159 relinquebas

188 2159 290 2237 ltaque
310 2181 367 2220 non
388 2161 479 2220 solium
502 2162 531 2221 in
555 2182 621 2220 eum
644 2172 701 2221 don
724 2162 960 2232 animadvertisti,
983 2162 1035 2220 aed
1054 2161 1133 2219 omni

147 2251 226 2297 metu
240 2241 407 2312 liberavisti,
422 2241 561 2318 hospitem
576 2243 726 2319 agnovisti,
741 2259 839 2318 regem
859 2240 997 2316 reliquisti
1013 2260 1020 2298 :
1040 2258 1135 2313 neque

147 2319 225 2376 enim
241 2319 289 2377 ille
303 2321 369 2377 odio
381 2319 424 2376 tui
438 2339 613 2397 progressus,
628 2321 678 2378 sed
699 2339 794 2378 errore
805 2319 959 2378 'communi
974 2320 1069 2395 lapsus
1082 2329 1133 2375 est

146 2397 178 2452 Is
197 2417 258 2468 rex,
280 2417 365 2474 quem
389 2410 505 2456 senatus
526 2401 581 2458 hoc
601 2399 717 2457 nomine
740 2417 815 2474 saepo
839 2396 1133 2456 honorificentissimis
1147 2393 1183 2448 25

147 2475 273 2533 decretis
288 2477 495 2552 appellavisset,
509 2478 615 2552 quique
630 2477 710 2536 illum
731 2478 861 2536 ordinem
884 2477 921 2535 ab
941 2476 1134 2534 adolescentia

147 2555 348 2630 gravissimum
363 2557 630 2632 sanctissimumque
644 2556 781 2630 duxisset,
796 2557 897 2616 iisdem
918 2557 1004 2614 rebus
1017 2568 1060 2614 est
1073 2575 1134 2631 per·

147 2634 288 2704 turbatus,
304 2635 388 2693 homo
402 2635 573 2712 longinquus
594 2648 623 2693 et
648 2635 819 2713 alienigena,
833 2636 937 2712 quibus
950 2655 1011 2708 nos,
1026 2635 1056 2692 in
1075 2654 1134 2692 me·

147 2711 195 2768 dit
209 2713 358 2790 republica
372 2713 443 2784 nati,
457 2733 624 2790 semperque
638 2716 751 2773 remoti.
1057 2727 1062 2735 '

187 2790 240 2848 IV.
275 2791 353 2849 Cum
368 2793 489 2864 audiret,
503 2793 620 2850 senatus
643 2793 849 2852 consentientis
871 2793 1040 2851 anctoritate
1053 2810 1134 2849 arma
1145 2791 1182 2846 3⁰

146 2879 276 2944 sumpta3
298 2871 473 2941 consulibus,
487 2871 662 2948 praetoribus,
677 2873 800 2930 tribunis
819 2872 921 2948 plebis,
943 2871 1026 2929 nobis
1047 2869 1134 2944 impe-

146 2949 299 3018 ratoribus,
314 2949 520 3025 rempublicam
534 2951 745 3008 defendendam
759 2951 872 3017 datam;
894 2948 1060 3004 movebatur
1074 2947 1134 3004 ani-

146 3043 203 3095 mo,
219 3037 248 3083 et
272 3027 324 3098 vir,
339 3028 407 3085 huic
431 3028 549 3104 imperio
573 3028 774 3096 amicissimus,
789 3028 826 3083 de
848 3025 941 3082 salute
963 3023 1059 3098 populi
1073 3024 1133 3081 Ro·

146 3105 225 3162 mani
240 3105 454 3176 extimescebat,
469 3109 498 3164 in
513 3107 569 3182 qud
584 3107 671 3163 etiam
685 3123 767 3161 suam
778 3104 919 3161 inclusam
934 3101 1055 3158 ridebat
1096 3101 1132 3159 ln

146 3201 259 3241 summo
280 3195 376 3241 tamen
399 3184 510 3256 timore,
534 3184 742 3260 quiescendum
769 3183 826 3239 sibi
846 3199 910 3239 esse
932 3180 1130 3238 arbitrabatur.
1145 3179 1181 3234 at

146 3259 276 3318 Maxime
299 3260 365 3320 verb
386 3264 568 3338 perturbatus
591 3273 644 3334 est,
659 3272 691 3318 ut
714 3261 831 3331 audivit,
845 3260 977 3318 consules
998 3279 1034 3316 ex
1047 3257 1132 3315 ltalia

144 3339 315 3417 profugisse,
342 3359 498 3415 omnesque
533 3343 699 3400 consulares
726 3339 784 3418 (sic
809 3341 887 3398 enim
913 3338 1132 3414 nunciabatur),

146 3428 284 3476 cunctum
312 3429 453 3491 senatum,
479 3429 567 3478 totam
594 3420 709 3478 ltaliam
737 3439 800 3477 esse
826 3418 954 3476 effusam.
1009 3415 1134 3474 Talibus

145 3496 223 3554 enim
238 3497 348 3556 nuntiis
361 3508 391 3555 et
404 3498 565 3556 rumoribus
577 3500 693 3574 patebat
714 3499 749 3556 ad
763 3498 915 3556 Orientem
928 3497 990 3566 via3
1011 3513 1068 3552 nec
1081 3493 1132 3550 ulli
1189 3496 1191 3500 ’

144 3575 469 3651 verisubsequebantur.
512 3576 593 3634 Nihil
617 3577 665 3635 ille
688 3578 725 3634 de
747 3576 959 3635 conditionibus
971 3574 1039 3643 tuis,
1060 3572 1131 3629 nihil
1145 3571 1180 3624 tu

144 3653 181 3711 de
195 3655 291 3712 studio
305 3655 466 3712 eoncordiae
481 3665 509 3712 et
522 3656 612 3732 pacis,
627 3655 699 3713 nihil
723 3657 759 3713 de
773 3655 983 3728 conspiratione
998 3651 1133 3708 audiebat

145 3743 290 3790 certorum
312 3733 460 3791 hominum
482 3745 582 3792 contra
605 3735 774 3810 dignitatern
790 3744 879 3789 tuam.
918 3731 996 3792 Quae
1010 3728 1078 3787 ciam
1092 3729 1133 3786 ita

144 3823 250 3882 essent,
265 3822 362 3870 tamen
378 3817 469 3887 usque
490 3811 525 3870 ed
548 3833 579 3870 se
603 3813 705 3883 tenuit,
719 3812 812 3887 quoad
833 3829 851 3867 a
870 3809 925 3867 Cn.
940 3809 1075 3886 Pompeio
1095 3808 1132 3866 ad

144 3907 212 3946 eum
225 3891 315 3968 legati
328 3891 475 3967 literaeque
490 3900 637 3949 venerunt.
