2775 4425
373 373 510 423 ORlTlO
532 373 602 424 l’RO
624 374 723 423 REGE
745 373 938 425 DEIOTARO.
1170 374 1212 436 89

166 515 296 575 omnium
320 515 521 593 imperatorum
544 518 581 575 de
603 516 741 576 Deiotaro
760 518 879 577 decreta
894 517 1012 576 deleret
1042 516 1160 588 Abour,

166 593 253 652 nibus
281 594 360 651 enim
382 596 426 652 his
445 606 563 653 ornatus
589 606 642 667 est,
666 595 726 671 qui,
748 607 897 672 postquam
919 596 949 653 in
971 596 1074 653 castris
1097 614 1161 653 esso

166 673 258 747 potuit
280 693 332 749 per
355 685 479 744 aetatem,
494 674 523 730 in
547 674 630 745 Asia,
646 674 841 750 Cappadocia,
862 674 961 742 Ponto,
976 674 1093 745 Cilicia,
1108 674 1161 750 Sy·

167 752 222 822 ria,
237 752 313 809 bella
328 762 486 828 gesserunt.
529 752 654 811 Senaths
669 751 737 810 vero
748 752 862 828 judicia
874 754 911 811 de
926 753 974 811 illo
987 764 1045 809 tarn
1060 752 1160 825 multa,

167 839 284 904 tamque
299 830 465 899 honorifica,
480 848 543 905 quae
559 831 681 905 publicis
695 831 790 907 populi
812 831 938 889 Romani
959 832 1049 888 literis
1063 850 1161 889 monu-
1191 830 1210 883 5

168 909 330 983 mentisque
351 910 520 985 consignata
535 919 611 979 sunt,
625 928 688 983 quae
703 928 830 984 unquam
846 920 973 967 vetustas
985 911 1097 981 obruet,
1112 920 1162 967 aut

169 1006 231 1061 quae
245 997 327 1043 tanta
341 987 448 1044 delebit
461 987 587 1045 obliviol
616 986 700 1048 Quid
711 988 748 1045 de
758 988 862 1045 virtute
876 988 938 1063 ejus
952 988 1070 1046 dicaml
1090 988 1159 1064 quid

167 1066 204 1122 de
234 1066 435 1141 magnitudine
465 1065 564 1135 animi,
585 1066 736 1141 gravitate,
757 1066 941 1124 constantiil
970 1086 1033 1142 qua
1060 1086 1161 1125 omnes

167 1144 245 1201 docti
268 1154 354 1218 atque
375 1142 518 1220 sapientes
535 1162 657 1215 summa,
672 1144 789 1219 quidam
809 1144 897 1202 etiam
918 1146 988 1218 sola,
1003 1146 1078 1203 bona
1097 1165 1161 1203 esse

167 1222 319 1292 dixerunt;
349 1223 459 1297 hisque,
484 1241 541 1279 non
566 1220 651 1279 modd
674 1222 711 1279 ad
733 1222 817 1292 bene,
838 1224 888 1281 sed
909 1224 997 1281 etiarn
1019 1224 1055 1281 ad
1075 1221 1159 1283 beate*
1177 1224 1211 1279 1⁰

167 1300 333 1371 vivendum,
349 1310 512 1357 contentam
534 1298 668 1358 virtutem
688 1320 761 1359 esse.
803 1302 878 1359 llaec
899 1302 947 1359 ille
968 1313 1112 1378 reputans,
1132 1315 1162 1361 et

167 1379 231 1435 dies
251 1390 281 1437 et
302 1389 401 1436 noctes
421 1379 561 1468 cogitans,
576 1398 633 1437 non
655 1378 741 1437 modo
762 1379 814 1437 tihi
833 1400 890 1438 non
904 1391 1058 1437 succenset
1072 1380 1162 1456 (esset

166 1458 246 1515 enim
268 1478 325 1515 non
347 1455 439 1515 solium
461 1466 599 1533 ingratus,
614 1458 664 1515 sed
686 1458 774 1514 etiam
794 1459 918 1536 amens),
934 1457 1034 1515 verhm
1047 1477 1162 1516 omnem

168 1537 407 1611 tranquillitatem
428 1546 457 1593 et
478 1536 605 1611 quietem
629 1536 789 1593 senectutis
816 1547 965 1613 acceptam
993 1536 1080 1593 refert
1105 1536 1163 1593 cle·

166 1616 285 1673 mentia
300 1626 365 1671 tuae.
1178 1622 1212 1673 15

209 1693 296 1751 XIV.
330 1693 401 1755 Quo
409 1694 524 1767 quidem
540 1692 637 1751 animo
650 1690 719 1751 edm
731 1705 817 1751 antea
831 1694 894 1765 suit,
909 1703 970 1751 tum
983 1714 1041 1752 non
1052 1694 1161 1765 dubito,

166 1773 237 1847 quin
259 1773 316 1830 tuis
336 1772 436 1842 literis,
451 1790 571 1847 quarum
592 1773 755 1848 exemplum
777 1773 844 1850 legi,
859 1794 932 1849 quas
951 1774 986 1831 ad
1005 1792 1072 1831 eum
1087 1773 1162 1831 Tar·

167 1871 277 1909 racone
299 1850 368 1907 huic
390 1849 534 1908 Blesamio
555 1849 670 1921 dedisti,
692 1871 724 1909 se
745 1852 838 1929 magis
860 1854 947 1911 etiam
969 1853 1102 1924 erexerit,
1125 1852 1162 1909 ab

164 1930 304 2004 omnique
332 1928 527 1987 sollicitudine
558 1928 736 1989 abstraxerit.
777 1931 869 1989 Jubes
896 1932 974 1991 enim
998 1950 1065 1989 eum
1087 1933 1161 1989 bene

166 2028 294 2085 sperare,
309 2018 339 2065 et
360 2009 435 2065 bono
455 2028 517 2065 esse
539 2007 651 2077 animo;
672 2010 749 2083 quod
769 2011 832 2069 scio
851 2020 880 2068 te
898 2030 954 2068 non
972 2010 1076 2067 frustra
1092 2012 1161 2067 scri·
1174 2011 1211 2064 20

166 2088 238 2145 bere
252 2088 362 2145 solere:
384 2087 502 2143 memini
517 2086 605 2157 enim,
621 2086 723 2144 iisdem
739 2086 799 2145 sere
814 2089 908 2145 verbis
929 2089 965 2145 ad
986 2107 1032 2145 me
1048 2099 1077 2145 te
1093 2089 1163 2145 scri·

165 2167 247 2237 bere,
263 2185 366 2243 meque
380 2166 437 2223 tuis
451 2164 542 2224 literis
555 2166 629 2224 bene
644 2185 760 2242 sperare
776 2186 833 2224 non
848 2167 953 2224 frustra
966 2186 1029 2224 esse
1041 2166 1160 2240 jussum.

165 2247 284 2304 Laboro
305 2245 438 2320 equidem
461 2245 538 2321 regis
560 2243 690 2302 Deiotari
713 2245 813 2315 causti,
827 2264 952 2320 quocum
975 2245 1044 2300 mihi
1065 2245 1163 2300 amici·

166 2325 240 2382 tiam
270 2345 315 2381 res
341 2324 458 2400 publica
485 2323 660 2394 conciliavit,
682 2322 837 2399 hospitium
857 2323 987 2381 voluntas
1016 2323 1162 2397 utriusque

167 2403 328 2478 conjunxit,
350 2402 573 2460 familiaritatem
601 2403 780 2460 consuetudo
803 2403 908 2473 attulit,
929 2421 1071 2460 summam
1095 2398 1162 2458 vero
1176 2403 1213 2456 25

166 2482 414 2541 necessitudinem
443 2499 549 2556 magna
577 2480 640 2556 ejus
666 2481 764 2539 officia
784 2481 814 2539 in
835 2492 932 2540 meet
953 2481 983 2540 in
1004 2481 1163 2539 exercitum

167 2579 268 2618 meum
282 2560 449 2618 effecerunt.
492 2559 562 2629 Sed,
583 2558 651 2616 crim
672 2561 710 2617 de
731 2560 779 2618 illo
798 2561 905 2633 laboro,
927 2573 988 2619 tum
1008 2561 1045 2618 de
1066 2561 1164 2619 multis

168 2638 354 2715 amplissimis
368 2639 445 2708 viris,
459 2637 563 2713 quibus
577 2639 664 2696 semel
680 2639 809 2716 ignotum
824 2659 841 2698 a
855 2650 883 2698 te
897 2661 960 2699 esse
973 2651 1092 2717 oportet,
1107 2660 1163 2698 nec

167 2717 346 2775 heneficium
369 2726 451 2773 tuum
474 2717 503 2773 in
528 2716 648 2774 dubium
672 2719 779 2789 vocari,
800 2739 857 2777 nec
878 2721 987 2778 haerere
1008 2721 1037 2778 in
1059 2719 1163 2776 animis

168 2797 319 2854 hominum
338 2795 561 2853 sollicitudinem
584 2796 797 2871 sempiternam,
812 2818 868 2856 nec
883 2799 1027 2868 accidere,
1043 2809 1074 2853 ut
1088 2799 1164 2872 quis-
1176 2801 1213 2854 30

168 2893 256 2950 quam
278 2884 306 2932 te
328 2875 429 2931 timere
452 2873 571 2949 incipiat
591 2893 690 2931 eorum
708 2877 757 2951 qui
774 2877 863 2933 semel
887 2896 905 2933 a
925 2887 955 2934 te
971 2878 1029 2934 sint
1050 2876 1163 2933 liberati

80 2989 81 2994 κ
168 2954 281 3010 timore.
323 2953 391 3011 Non
412 2953 512 3023 debeo,
528 2953 582 3010 Gai
606 2953 715 3024 Caesar,
735 2953 825 3028 (quod
847 2954 910 3011 fieri
931 2955 1003 3010 solet
1026 2953 1054 3009 in
1076 2955 1164 3010 tantis

168 3031 321 3111 periculis)
337 3025 458 3101 tentare,
473 3049 597 3106 quonam
611 3032 697 3088 modo
710 3031 835 3087 dicendo
848 3030 1073 3087 misericordiam
1084 3040 1164 3086 tuam

171 3129 351 3168 commovere
372 3110 494 3186 possim:
516 3109 587 3167 nihil
601 3128 672 3184 opus
686 3119 746 3166 est:
767 3127 921 3166 occurrere
942 3108 1004 3184 ipsa
1017 3107 1087 3164 solet
1101 3127 1165 3184 sup·

168 3189 295 3264 plicibus
317 3200 346 3246 et
368 3189 552 3258 calamitosis,
577 3187 684 3244 nullius
710 3186 838 3244 oratione
865 3197 992 3245 evocata.
1035 3186 1164 3262 Propone
1178 3189 1214 3242 35

170 3267 223 3323 tibi
245 3267 316 3324 duos
337 3287 430 3344 reges,
455 3278 484 3324 et
506 3268 534 3324 id
558 3267 654 3324 animo
676 3266 871 3342 contemplare
893 3266 969 3341 quod
990 3265 1083 3324 oculis
1107 3284 1164 3323 non

170 3356 259 3421 potes.
301 3345 394 3403 Dabis
414 3345 542 3422 prolecto
565 3345 780 3414 misericordia,
801 3347 875 3420 quod
899 3345 1057 3404 iracundias
1079 3364 1160 3420 nega·

173 3425 246 3482 visti.
288 3423 383 3481 Multa
405 3435 471 3481 sunt
493 3434 549 3481 tuae
572 3424 734 3481 clementiae
749 3436 951 3495 monumenta3
973 3424 1024 3482 sed
1039 3421 1163 3480 marimd

172 3521 272 3560 eorum
287 3503 509 3573 incolumitates,
524 3503 628 3578 quibus
650 3504 771 3560 salutem
795 3505 916 3562 dedisti:
937 3523 1001 3579 qnae
1019 3504 1043 3559 si
1063 3503 1093 3559 in
1111 3502 1166 3577 pri·

172 3581 244 3639 vatis
264 3582 387 3658 gloriosa
408 3591 484 3652 sunt,
500 3580 590 3638 multo
610 3583 703 3658 magis
722 3584 1022 3640 commemorabuntur
1042 3581 1071 3637 in
1093 3581 1165 3657 regi·
1179 3583 1215 3637 40

172 3659 233 3717 bus.
277 3661 396 3736 Semper
417 3660 530 3736 regium
554 3679 656 3718 nomen
676 3661 706 3718 in
725 3661 781 3717 hac
804 3662 921 3718 civitate
937 3654 1073 3716 sanctum'
1093 3659 1164 3718 tirit:

172 3738 315 3796 sociorum
330 3738 397 3796 vero
414 3757 514 3816 regum
528 3749 557 3794 et
572 3739 730 3796 amicorum
744 3739 965 3796 sanctissimum.

210 3817 280 3875 XV.
310 3815 400 3879 Quod
424 3836 539 3887 nomen,
564 3817 593 3872 hi
618 3837 710 3894 reges,
735 3837 773 3874 ne
796 3817 970 3888 amitterent,
995 3827 1023 3875 te
1047 3818 1163 3889 victore,

173 3894 347 3954 timuerunt:
376 3907 520 4032 retgeqtum
547 3893 625 3966 verd,
653 3906 683 3954 et
707 3916 724 3953 a
750 3906 779 3954 te
806 3896 1017 3971 confirmatum,
1043 3899 1164 3974 posteris
