2775 4425
401 382 538 433 ORATIO
560 382 630 433 PRO
650 382 792 435 ARCHIA
814 381 940 433 POETA.
1175 384 1217 445 93

173 526 343 599 ridiculum,
357 526 393 585 ad
416 546 451 585 ea
472 546 535 601 quae
557 527 706 597 habemus,
720 526 793 585 nihil
813 526 927 596 dicere;
948 543 1086 600 querere,
1100 542 1164 599 quaa

174 606 282 663 habere
304 625 361 664 non
381 625 546 682 possumus;
568 617 596 663 et
610 606 646 663 de
660 606 808 663 hominum
830 605 967 663 memorii
980 616 1088 674 tacere,
1102 604 1165 661 lite·

174 703 271 741 rarum
293 686 461 742 memoriam
482 684 627 761 flagitare;
649 695 687 755 et,
706 682 775 742 clun
796 685 904 742 habeas
924 683 1090 760 amplissimi
1110 683 1163 741 viri

174 763 356 839 religionem,
372 763 547 840 integerrimi
569 763 718 839 municipii
736 762 936 839 jusjurandum
950 762 1102 836 fidemque,
1117 781 1162 833 ea,

175 860 240 915 quae
258 842 405 916 depravari
427 842 505 901 nullo
525 842 609 899 modo
628 852 755 917 possunt,
770 841 936 918 repudiare:
957 841 1079 911 tabulas,
1093 860 1164 917 quas
1197 837 1215 890 ⁵

176 918 254 977 idem
269 919 341 976 dicis
355 921 447 979 solere
461 919 614 996 corrumpi,
629 920 802 978 desiderare.
956 970 964 977 .

215 998 258 1055 At
270 998 447 1057 domicilium
463 999 492 1059 iu
514 998 600 1057 Italici
613 1017 670 1057 nou
685 998 801 1069 habuit;
823 998 857 1071 is,
872 996 931 1073 qui,
945 1006 986 1057 tot
999 997 1083 1057 aunis
1096 1008 1164 1057 aute

175 1076 321 1133 civitatem
342 1078 449 1149 datam,
464 1077 562 1135 sedem
582 1076 711 1135 omnium
731 1097 826 1136 rerum
847 1097 883 1135 ac
903 1077 1079 1135 fortunarum
1099 1096 1164 1136 sua·

174 1174 240 1211 rum
264 1154 367 1213 Romae
388 1155 546 1215 collocavit.
587 1156 706 1215 Arnon
726 1167 770 1214 est
788 1156 939 1233 professus.
981 1155 1075 1214 lmmo
1093 1154 1162 1213 verb

174 1232 212 1290 iis
234 1234 339 1292 tabulis
359 1235 588 1310 professusque
610 1234 687 1305 solae,
702 1254 738 1293 ex
757 1235 807 1293 itta
826 1236 1010 1311 professione,
1030 1235 1163 1311 collegio·
1182 1234 1215 1288 10

173 1331 232 1387 que
245 1324 406 1389 praetorum,
421 1314 550 1371 obtinent
563 1313 744 1389 publicarum
758 1313 919 1371 tabularum
935 1314 1141 1372 auctoritatem.

216 1391 252 1447 V.
275 1390 362 1462 Nam,
373 1390 439 1449 clim
452 1392 535 1467 Appii
547 1392 652 1449 tabulae
661 1390 856 1468 negligentibs
871 1404 1020 1449 asservatas
1033 1392 1164 1448 diceren-

174 1479 232 1540 tur,
253 1469 382 1542 Gabinli,
404 1472 540 1545 quamdiu
562 1470 716 1529 incolumis
743 1470 805 1538 suit,
826 1470 937 1539 leuitas,
957 1482 1020 1545 post
1046 1469 1164 1526 damna·

174 1548 284 1605 tionem
306 1548 466 1619 calamitas,
480 1568 593 1607 omnem
609 1548 771 1606 tabularum
788 1547 875 1605 fidem
889 1548 1080 1625 resigndseet;
1102 1546 1165 1603 Me-

174 1627 270 1698 tellus,
293 1628 377 1685 homo
396 1628 595 1685 sanctissimus
621 1626 904 1685 modestissimusuue
923 1626 1062 1697 omnium,
1082 1626 1163 1683 tanti
1182 1635 1215 1687 15

174 1704 326 1781 diligentiis
342 1706 405 1777 suit,
421 1718 452 1763 ut
467 1706 502 1762 ad
518 1706 550 1763 L.
566 1706 723 1763 Lentulum
736 1717 885 1782 praetorem
899 1716 929 1763 et
943 1706 978 1762 ad
990 1705 1104 1781 judices
1117 1724 1164 1761 re-

173 1784 261 1854 nerit,
276 1794 305 1841 et
319 1786 405 1841 unius
418 1785 542 1843 nominis
555 1784 641 1842 litura
656 1804 687 1841 se
701 1795 874 1842 commotum
888 1805 951 1843 esse
965 1785 1076 1843 dixerit.
1106 1784 1163 1841 llis

172 1864 263 1941 igitur
278 1863 383 1920 tabulis
397 1864 504 1923 nullam
519 1863 634 1921 lituram
649 1862 678 1921 in
692 1882 797 1921 nomen
812 1865 848 1921 A.
864 1864 971 1922 Licinii
986 1864 1096 1922 videtis

215 1942 292 2004 Quae
306 1940 374 1999 crim
389 1943 430 1999 ita
443 1942 509 2013 siut,
524 1942 592 2017 quid
606 1953 658 2012 est,
669 1940 746 2016 qudd
760 1944 797 2001 de
810 1942 873 2017 ejus
885 1943 1001 2001 civitate
1015 1943 1162 2013 dubitetis,

173 2020 331 2095 praesertim
353 2018 421 2077 crim
443 2020 506 2079 aliis
526 2040 638 2096 quoque
652 2020 681 2079 iu
696 2021 861 2079 civitatibus
875 2022 961 2079 luerit
982 2022 1161 2097 adscriptusl
1178 2014 1215 2067 2⁰

174 2098 303 2168 Etenim,
318 2096 386 2157 cirrn
407 2100 600 2158 mediocribus
613 2100 720 2169 multis,
734 2110 765 2157 et
779 2110 828 2156 aut
840 2100 919 2157 nulli
935 2110 985 2157 aut
997 2098 1098 2157 humili
1113 2100 1164 2157 all·

174 2177 233 2252 qud
249 2188 309 2236 arte
322 2178 457 2254 praeditis,
472 2177 597 2255 gratuitd
619 2178 765 2236 civitatem
786 2178 816 2236 iu
836 2177 951 2236 Graecid
969 2178 1100 2235 homiues
1112 2177 1165 2234 im·

172 2257 382 2332 pertiebantur,
397 2257 547 2334 Rheginos
561 2258 658 2328 credo,
674 2266 724 2314 aut
743 2257 913 2327 Locrenses,
929 2266 979 2312 aut
998 2255 1165 2331 Neapolita·

173 2355 237 2405 nos,
253 2345 302 2392 aut
316 2335 500 2407 Tarentinos,
512 2337 588 2411 quod
601 2336 728 2394 scenicis
741 2335 900 2394 artificibus
912 2333 1011 2410 largiri
1024 2333 1163 2404 solebant,

174 2414 206 2471 id
234 2415 313 2485 huic,
337 2416 449 2472 summai
478 2415 586 2492 ingenii
614 2415 733 2492 praeditc
759 2413 859 2492 glorii,
884 2414 1018 2472 noluisse.
1058 2413 1163 2475 Quid?
1180 2411 1216 2466 25

174 2490 244 2549 clun
266 2494 373 2565 caeteri,
387 2515 444 2552 uon
460 2494 543 2552 modd
558 2505 620 2570 post
634 2494 780 2552 civitatem
801 2495 908 2565 datam,
922 2494 973 2550 sed
993 2493 1082 2552 etiam
1102 2504 1165 2569 post

174 2571 270 2648 legem
292 2572 420 2648 Papiam,
436 2573 531 2648 aliquo
544 2573 629 2630 modo
650 2572 678 2629 in
700 2592 798 2631 eorum
815 2572 1037 2649 municipiorum
1051 2572 1164 2630 tabulas

175 2651 358 2726 irrepserint;
379 2653 437 2723 hic,
446 2652 495 2727 qui
510 2671 546 2708 ne
561 2651 649 2709 utitur
659 2652 775 2726 quidem
790 2651 888 2710 illisio
903 2653 1007 2726 quibus
1020 2663 1063 2710 est
1076 2653 1164 2730 scrip

122 2753 124 2756 ·
174 2740 231 2801 tus,
247 2727 325 2805 qudd
339 2750 450 2806 semper
465 2750 496 2787 se
511 2730 736 2788 Heracleensem
749 2750 813 2789 esse
827 2731 924 2802 voluit,
938 2732 1104 2806 rejicieturl

216 2809 331 2865 Census
350 2820 460 2866 nostros
474 2808 594 2884 requiris
608 2808 736 2867 scilicet:
757 2820 801 2867 est
814 2811 892 2867 euim
905 2809 1070 2879 obscurum,
1084 2830 1164 2884 prox·
1179 2803 1216 2858 3⁰

175 2886 242 2944 imis
256 2887 434 2958 censoribus,
446 2889 523 2946 hunc
538 2907 604 2946 curn
618 2886 778 2946 clarissimo
791 2888 970 2964 imperatore,
985 2886 1019 2942 L.
1031 2886 1163 2966 Lucullp,

176 2965 252 3041 apud
273 2965 433 3023 exercitum
454 2966 557 3036 suisse;
587 2967 791 3042 superioribus,
814 2984 880 3022 cum
902 2965 1004 3021 eodem
1026 2976 1165 3037 questore

176 3043 266 3100 fuisse
281 3043 311 3101 in
326 3044 415 3114 Asid3
435 3045 544 3122 primis,
559 3043 576 3102 J
579 3044 637 3102 ulio
651 3055 680 3101 et
693 3044 809 3112 Crasso,
823 3042 932 3099 nullam
946 3041 1041 3116 populi
1054 3052 1165 3115 partem

175 3141 240 3180 esse
264 3141 390 3180 censam.
432 3122 657 3200 Sedsquoniam
679 3139 785 3178 census
807 3140 865 3178 nou
883 3119 932 3195 jus
952 3118 1076 3176 civitatis
1099 3139 1167 3177 oon·

175 3201 281 3270 firmat,
302 3219 336 3258 ac
357 3204 553 3260 tantummodo
573 3202 693 3270 indicat,
714 3217 792 3270 cum,
813 3198 862 3272 qui
881 3198 919 3255 sit
938 3216 1053 3268 census,
1074 3196 1115 3254 ita
1134 3219 1165 3256 se
1182 3203 1218 3258 35

172 3278 234 3354 jam
256 3290 317 3335 tum
339 3280 461 3356 gessisse
476 3282 531 3357 'pro
552 3281 631 3348 cive;
654 3279 689 3337 iis
707 3278 891 3354 temporibus,
908 3275 999 3356 [quae]
1017 3287 1048 3334 tu
1071 3278 1167 3335 crimi-

176 3357 265 3431 naris,
280 3376 317 3415 ne
332 3358 420 3434 ipsius
437 3359 553 3434 quidem
568 3359 679 3434 judicio
699 3376 766 3415 eum
787 3357 816 3414 in
837 3357 944 3415 civium
964 3356 1166 3414 Romanorum

172 3435 241 3511 jure
263 3455 326 3494 esse
348 3449 501 3508 versatum,
516 3447 544 3494 et
565 3447 768 3494 testamentum
789 3456 864 3513 saepe
884 3436 954 3494 lecit
972 3433 1077 3492 nostris
1096 3435 1167 3512 legi·

177 3515 241 3584 bus,
256 3523 285 3572 et
300 3516 371 3572 adiit
384 3517 565 3574 hereditates
579 3515 685 3572 civium
707 3515 915 3585 Romanorum,
929 3513 1002 3572 etin
1016 3513 1166 3571 beneficiis

163 3594 214 3652 ,ad
229 3593 361 3651 aerarium
375 3595 487 3652 delatus
501 3605 544 3652 est
558 3613 575 3651 a
588 3592 621 3651 L.
637 3593 760 3652 Lucullo
772 3605 891 3669 praetore
904 3604 934 3650 et
946 3591 1073 3650 consule.
1182 3593 1217 3648 tu

216 3671 270 3728 VI.
292 3672 402 3734 Quaere
417 3683 595 3750 argumenta,
610 3672 633 3728 si
657 3692 714 3748 qua
735 3683 833 3748 potes:
854 3689 1001 3747 nunquam
1015 3670 1093 3728 euim
1107 3671 1166 3743 hic,

176 3769 272 3825 neque
287 3771 339 3809 suo
351 3771 446 3826 neque
461 3753 616 3809 amicorum
630 3751 749 3826 judicio,
764 3752 935 3808 revincetur.

215 3829 341 3890 Quaeres
357 3830 478 3901 anobis,
493 3830 586 3901 Grati,
601 3849 652 3887 cur
670 3840 819 3905 tantopere
840 3829 895 3885 hoc
915 3828 1030 3886 homine
1043 3829 1167 3888 delecte·

177 3927 250 3966 mur.
291 3909 376 3971 Quia
397 3910 558 3988 suppeditat
578 3909 671 3981 nobis,
685 3908 736 3964 ubi
757 3918 787 3966 et
808 3907 922 3966 animus
942 3927 979 3966 ex
991 3909 1047 3968 boc
1061 3909 1167 3968 lorensi
